2386 4342
116 193 159 257 14
461 159 775 248 ιιοιιιιιιιιιιιιιο

115 338 231 423 quibus
255 337 476 422 disputaturus
500 341 551 402 est
573 337 716 404 definire.
751 338 805 402 hio
824 338 910 404 enim
929 340 1124 405 constituere

114 426 247 492 definire
278 426 530 511 intellegendum
561 430 621 491 est.
675 427 953 493 determinandum
985 449 1125 514 namque

114 521 164 582 est
187 512 264 600 quid
286 514 367 580 haec
389 516 499 580 omnia
522 515 588 580 sint
608 515 642 580 id
665 520 715 580 est
738 516 815 601 quid
832 537 952 598 npmen
972 517 1024 600 sit,
1047 518 1124 603 quid

113 604 249 670 verbum
272 606 304 667 et
327 607 447 688 cetera,
470 626 552 689 quae
576 605 735 670 elementa
751 605 1033 690 interpretationis
1055 628 1125 670 esse

79 692 341 778 cpraediximus.
382 693 437 757 sed
461 693 644 758 adfirmatio
667 696 764 778 atque
786 695 919 779 negatio
943 694 1004 758 sub
1027 694 1125 761 inter-

113 781 294 866 pretatione
318 785 402 846 sunt
447 803 546 866 quare
574 803 693 848 nomen
716 786 749 847 et
771 783 905 848 verbum
929 782 1123 849 adfirmatio·

113 871 164 936 nis
193 873 225 936 et
251 870 434 956 negationis
458 871 617 936 elementa
639 891 710 937 esse
731 871 942 936 manifestum
965 876 1024 936 est
1068 872 1120 935 his

114 960 200 1024 enim
232 961 407 1044 conpositis
439 959 624 1025 adfirmatio
653 964 687 1027 et
712 960 844 1044 negatio
872 960 1123 1045 coniunguntur.

114 1048 242 1113 exsistit
263 1047 316 1112 hio
339 1047 498 1132 quaedam
521 1049 676 1132 quaestio,
700 1070 757 1113 eur
774 1049 838 1114 duo
856 1052 987 1113 tantum
1004 1070 1124 1113 nomen

61 1149 95 1199 ιο
114 1139 148 1200 et
169 1136 304 1199 verbum
327 1156 361 1199 se
384 1134 597 1199 determinare
615 1137 801 1222 promittat,
823 1158 896 1202 cum
918 1138 1027 1221 plures
1050 1159 1123 1220 par-

112 1227 163 1288 tes
193 1223 350 1288 orationis
380 1244 451 1288 esse
481 1223 661 1289 rideantur.
711 1225 828 1308 quibus
859 1225 922 1290 hoc
953 1225 1124 1291 dicendum

113 1316 164 1377 est
190 1315 320 1376 tantum
343 1310 555 1377 Aristotelem
582 1312 645 1377 hoo
668 1312 751 1379 libro
774 1312 939 1397 definisse,
966 1318 1124 1399 quantum

113 1401 162 1464 illi
191 1399 233 1464 ad
261 1399 295 1463 id
324 1400 410 1484 quod
438 1401 626 1465 instituerat
655 1403 797 1466 tractare
826 1402 959 1466 suffecit
1004 1406 1124 1467 tractat

112 1510 253 1573 namque
275 1487 315 1552 de
337 1488 477 1573 simplici
500 1489 702 1555 enuntiativa
720 1491 876 1576 oratione,
899 1512 981 1575 quae
1000 1492 1125 1556 scilieet

61 1591 94 1640 ιι
112 1577 371 1642 huiusmodit
321 1581 380 1662 est,
403 1580 439 1642 t
460 1578 579 1643 1unct1s
602 1582 729 1644 tantum
752 1579 858 1644 verbis
882 1583 915 1643 et
936 1580 1122 1645 nominibus

113 1669 322 1752 conponatur.
368 1666 396 1731 si
423 1668 495 1752 quis
525 1667 612 1733 enim
638 1689 759 1734 nomen
786 1668 903 1754 iungat
925 1672 958 1732 et
979 1669 1123 1751 verbum,

112 1760 150 1821 ut
176 1756 262 1822 dicat
247 1753 427 1821 ttSoora
412 1758 471 1820 tes
499 1757 671 1822 ambulat
656 1757 895 1842 t,simplicem
921 1756 998 1821 feeit
1026 1779 1123 1822 enun-

111 1845 261 1909 tiativam
294 1843 482 1909 orationem
532 1807 732 1912 enuntiativa
762 1867 901 1949 namque
935 1846 1040 1910 oratio
1072 1850 1124 1910 est

113 1929 165 2017 (ut
192 1953 289 2015 supra
315 1929 505 2016 memoravi)
533 1954 615 2017 quae
642 1933 742 1999 habet
727 1936 804 1999 tin
831 1956 865 1999 se
894 1934 969 1999 falsi
990 1934 1122 2018 verique

59 2035 94 2085 ao
113 2019 380 2105 designationem.
428 2020 484 2084 sed
513 2021 547 2086 in
573 2021 636 2087 hoc
664 2021 750 2106 quod
777 2022 912 2087 dicimus
941 2021 1122 2088 Socrates

113 2109 285 2175 ambulat
313 2111 369 2173 aut
390 2109 510 2175 veritas
533 2130 662 2176 necesse
686 2114 737 2175 est
759 2112 961 2176 contineatur
984 2115 1041 2177 aut
1061 2111 1106 2175 fal

112 2200 200 2265 sitas.
245 2200 308 2265 hoo
332 2198 418 2263 enim
442 2198 470 2263 si
493 2199 678 2265 ambulante
702 2196 834 2265 Socrate
858 2200 987 2284 dicitur,
1009 2221 1093 2266 veru·

112 2291 175 2370 est,
198 2289 226 2352 si
248 2309 316 2353 non
339 2288 540 2374 ambulante,
563 2288 691 2355 falsum.
735 2289 900 2373 perficitur
861 2309 1000 2373 urergo
1024 2310 1073 2354 en

111 2338 227 2439 tiatira
250 2376 354 2439 oratio
374 2377 509 2458 simplex
528 2398 567 2440 ex
588 2378 666 2441 solis
685 2378 793 2442 verbis
812 2381 910 2461 atque
928 2377 1066 2441 nominil

59 2477 93 2527 ιι
112 2484 211 2548 quare
234 2462 431 2547 superfluum
454 2466 505 2526 est
527 2484 689 2546 quaerere,
711 2483 767 2526 eur
790 2463 871 2526 alias
893 2483 1067 2545 quoqueqr

111 2551 260 2616 videntur
293 2550 449 2615 orationis
481 2553 592 2634 partes
623 2571 691 2614 non
722 2549 942 2633 proposuerit,
973 2547 1064 2631 qui

110 2642 212 2706 totius
232 2638 422 2722 simpliciter
440 2638 608 2722 orationis,
627 2638 683 2702 sed
701 2640 830 2701 tantum
849 2634 1048 2718 simplicise

110 2729 259 2793 tiationis
291 2726 385 2792 instit
385 2727 433 2791 uit
464 2726 626 2791 elementa
654 2725 777 2810 partiri
822 2745 1017 2808 quamquam

110 2818 261 2902 propriae
288 2818 397 2901 partes
425 2815 582 2880 orationis
610 2835 680 2879 esse
708 2813 860 2878 dicendae
891 2813 969 2898 sint,
1000 2835 1013 2877 ι

58 2920 93 2971 30
112 2907 234 2971 scilicet
219 2909 364 2988 tatque
386 2904 530 2968 verbum.
575 2903 655 2968 haec
682 2901 767 2966 enim
796 2924 854 2987 per
883 2923 952 2966 sese
983 2925 997 2966 ι

110 2992 996 3166 tttlttnmsltlttttsltt,stultit

111 3171 196 3255 cipia
213 3172 313 3236 verbo
332 3173 474 3255 cognata
497 3173 582 3254 sunt,
559 3171 656 3235 trel
679 3169 763 3254 quod
787 3193 806 3235 a
824 3168 982 3255 gerundw

181 3307 452 3365 2(ιοιιιιιιιιοιιι.8ι
529 3316 561 3365 17
581 3311 651 3366 etT
731 3311 957 3365 22.23estver

110 3384 144 3435 25
163 3396 235 3448 quae
253 3397 303 3437 ora.
324 3380 356 3436 S¹
414 3386 448 3436 26
467 3383 612 3451 proposuit
631 3382 654 3437 T
717 3387 751 3435 33
768 3381 862 3436 uerbis
880 3379 935 3434 Εἰ

109 3452 193 3508 editio
206 3454 337 3522 princepe
409 3453 551 3507 conataT
623 3452 741 3524 gerundi
758 3453 821 3506 F¹E
842 3455 929 3522 (germ
