2386 4342
559 604 580 659 I·
1034 605 1072 668 11

63 770 118 814 cur
128 751 183 834 qui
192 750 232 816 de
241 750 512 834 interpretatione
525 749 727 833 inscripserit
741 752 774 814 et
788 749 827 815 de
841 772 906 835 qua
919 751 1074 835 interpre-

61 840 183 905 tatione
202 839 290 904 dicat
307 859 376 904 non
394 838 555 905 addiderit
573 839 728 923 culpetur,
750 861 817 905 non
836 844 894 906 cst.
927 841 1006 905 satis
1026 844 1075 904 est

62 928 147 992 enim
156 928 232 993 libri
241 928 375 1017 titulum
385 929 484 993 etiam
494 927 533 992 de
542 928 650 1012 aliqua
660 929 840 993 continenti
850 929 1074 994 communione

58 1017 185 1102 fecisse,
198 1020 235 1081 ut
247 1039 308 1082 nos
324 1038 398 1082 eum
413 1021 446 1082 et
458 1017 497 1081 da
508 1017 694 1082 nominibus
706 1021 740 1081 et
748 1018 853 1082 verbis
863 1021 896 1081 et
905 1018 945 1082 da
955 1021 1074 1083 oratio·

58 1107 165 1190 nibus,
179 1128 252 1171 cum
266 1105 346 1170 haec
361 1105 472 1170 omnia
484 1126 550 1171 uno
564 1105 840 1189 interpretationis
853 1107 985 1172 nomine
1000 1127 1073 1171 con·
1093 1120 1109 1170 5

58 1196 249 1279 tinerentur,
266 1216 365 1279 supra
382 1194 499 1259 fecisse
518 1195 693 1277 docuimus,
711 1215 785 1259 cum
803 1195 856 1259 hic
873 1195 958 1259 liber
974 1195 1016 1259 ab
1035 1217 1073 1261 eo

59 1286 99 1349 da
122 1283 392 1368 interpretatione
410 1287 544 1348 notatus
563 1286 622 1347 est.
650 1283 706 1346 sed
730 1283 815 1367 quod
837 1283 961 1347 addidit
982 1283 1074 1347 illam

59 1368 360 1455 interpretationem
370 1372 474 1439 solam
484 1371 557 1455 dici,
566 1371 830 1457 quainoraticne
839 1371 945 1454 possit
954 1371 1073 1436 veritas

60 1465 93 1526 et
115 1461 243 1524 falsitas
266 1461 412 1544 inveniri,
434 1462 472 1524 ut
494 1463 546 1525 est
563 1460 765 1525 enuntiativa
784 1461 897 1542 oratio,
919 1460 1073 1545 fingentis

61 1552 112 1613 est
133 1546 186 1631 (ut
208 1548 255 1612 ait
276 1546 532 1636 Porphyrius)
556 1549 829 1634 significationem
852 1549 994 1614 nominis
1016 1570 1073 1633 po·
1094 1563 1127 1613 10

60 1638 126 1702 tius
154 1657 253 1721 quam
280 1636 435 1703 docentis.
480 1641 577 1722 atquc
605 1638 660 1702 illc
688 1637 819 1722 quidem
847 1641 880 1702 et
906 1637 942 1701 in
968 1638 1073 1701 inten-

58 1726 149 1792 tione
181 1726 256 1791 libri
289 1729 322 1791 et
354 1725 390 1790 in
420 1726 516 1791 titulo
548 1727 650 1791 falsus
681 1729 744 1811 est,
776 1726 832 1791 sed
861 1747 930 1791 non
961 1726 1073 1791 eodem

57 1815 156 1880 modo
179 1815 218 1879 de
241 1815 359 1880 iudicio
384 1836 511 1899 quoque
532 1815 608 1880 libri
631 1815 726 1880 huius
750 1814 878 1880 erravit.
924 1814 1072 1879 Andro-

56 1905 167 1969 nicus
195 1904 281 1968 enim
308 1903 429 1967 librum
456 1902 544 1968 hunc
565 1902 752 1968 Aristotelis
781 1924 851 1968 esse
879 1923 948 1968 non
969 1906 1073 1987 putat,

59 2014 156 2077 quem
182 1992 408 2057 Alexander
434 2013 508 2057 vere
534 1991 726 2076 fortiterque
752 1991 928 2076 redarguit.
978 2012 1073 2074 quem
1093 2007 1126 2054 la

59 2103 132 2146 cum
165 2084 315 2146 exactum
346 2080 601 2164 diligentemque
631 2078 819 2143 Aristotelis
851 2078 1010 2142 librorum
1042 2081 1075 2140 et

58 2169 199 2235 iudicem
213 2173 246 2232 et
258 2174 459 2253 repertorem
476 2167 627 2233 iudicarit
645 2167 832 2252 antiquitas,
850 2187 907 2231 cur
924 2165 959 2229 in
977 2165 1073 2229 huius

58 2257 136 2320 libri
157 2255 275 2321 iudicio
298 2258 343 2322 sit
363 2257 477 2341 falsus,
500 2277 630 2341 prorsus
654 2260 704 2321 est
722 2276 842 2341 magna
861 2255 1073 2319 admiratione

61 2344 297 2430 dignissimum.
341 2368 410 2411 non
438 2367 508 2411 esse
535 2367 674 2430 namque
697 2344 863 2429 proprium
886 2343 1073 2409 Aristotelis

58 2434 136 2499 hinc
159 2437 294 2499 conatur
317 2433 495 2518 ostendere,
519 2435 673 2518 quoniam
696 2433 855 2518 quaedam
878 2432 1072 2497 Aristoteles
1092 2448 1126 2496 2ο

56 2523 92 2586 in
114 2522 276 2606 principio
298 2522 376 2585 libri
397 2520 494 2586 huius
518 2522 557 2586 dc
579 2522 797 2586 intellectibus
821 2522 921 2585 animi
943 2525 1074 2605 tractat,

58 2632 140 2694 quos
168 2608 357 2671 intellectus
385 2608 513 2670 animae
535 2608 705 2689 passiones
728 2610 871 2687 vocavit,
905 2612 937 2672 et
960 2608 998 2673 de
1021 2610 1073 2674 his

59 2718 94 2761 se
117 2695 245 2778 plenius
268 2694 304 2756 in
326 2693 419 2757 libris
442 2694 481 2758 de
504 2695 615 2759 anima
634 2695 816 2779 disputasse
834 2702 1073 2763 commemorat.

60 2788 93 2849 et
115 2783 271 2867 quoniam
298 2782 465 2866 passiones
494 2783 622 2848 animae
645 2786 806 2849 vocabant
827 2787 880 2851 vel
902 2787 1073 2852 tristitiam

57 2874 109 2938 vel
133 2871 288 2958 gaudium
310 2872 362 2938 vel
385 2872 595 2956 cupiditatem
617 2876 669 2938 vel
697 2875 778 2939 alias
804 2875 990 2940 huiusmodi
1018 2874 1072 2938 ad·
1091 2887 1126 2938 aa

57 2963 223 3044 factiones,
246 2960 325 3026 dicit
348 2960 598 3027 Andronicus
623 2984 661 3027 ex
683 2962 746 3028 hoc
768 2963 902 3047 probari
923 2962 1012 3027 hunc
1033 2964 1072 3027 li·

57 3052 154 3115 brum
183 3049 369 3115 Aristotelis
400 3071 467 3116 non
499 3072 584 3134 essa,
616 3051 703 3135 quod
731 3052 771 3116 da
801 3050 987 3116 huiusmodi
1017 3051 1073 3114 ad-

57 3139 252 3204 fectionibus
279 3139 363 3203 nihil
390 3138 426 3202 in
447 3139 541 3205 libris
564 3138 604 3204 de
628 3140 737 3203 anima
759 3140 979 3225 tractavisset,
1005 3161 1072 3204 non

58 3227 252 3310 intellegens
274 3228 309 3291 in
329 3227 393 3292 hoc
416 3227 500 3291 libro
518 3226 732 3291 Aristotelem
755 3229 924 3310 passiones
944 3228 1072 3293 animae

58 3337 126 3380 non
148 3335 207 3397 pro
232 3315 420 3399 adfectibus,
444 3315 501 3380 sed
518 3336 577 3398 pro
595 3315 813 3380 intellectibus
832 3317 989 3399 posuisse.
1018 3317 1071 3380 his
1090 3330 1125 3379 30

58 3402 278 3469 Alexander
300 3405 403 3469 multa
426 3405 492 3469 alia
510 3403 600 3468 addit
618 3407 818 3488 argumenta,
836 3427 893 3468 cur
909 3405 972 3468 hoc
990 3425 1071 3488 opus

57 3491 247 3557 Aristotelis
270 3492 407 3557 maxime
430 3514 501 3558 essa
520 3493 676 3558 videatur.
707 3513 745 3557 ea
763 3514 904 3576 namque
924 3493 1072 3558 dicuntur

59 3582 122 3664 hic,
145 3602 228 3667 quac
252 3582 422 3646 sententiis
445 3580 634 3646 Aristotelis
659 3602 741 3665 quae
765 3582 842 3645 sunt
864 3581 904 3644 de
927 3582 1071 3645 enuntia·

130 3725 155 3774 5.
176 3725 192 3774 6
212 3719 429 3774 continenturF
511 3726 611 3775 acum
629 3735 680 3775 cra.
699 3718 735 3773 F¹
815 3719 886 3774 haec
905 3717 933 3786 S,
951 3733 1020 3773 corr.
1040 3716 1073 3771 θ’

60 3797 102 3846 10.
123 3790 450 3861 11potiussign.n0m.
471 3790 530 3845 S’l'
584 3796 618 3844 22
638 3793 667 3845 et
685 3789 837 3844 animaeT
892 3795 927 3843 23
945 3788 1073 3858 increpes

59 3860 151 3918 liar
224 3866 259 3915 24
276 3861 433 3918 vocabatb
506 3867 540 3916 30
555 3863 639 3930 priua
656 3878 709 3929 pro
726 3876 777 3914 om.
797 3859 830 3914 S¹
901 3858 955 3912 Hic
973 3858 1011 3911 11ι
