2386 4342
110 198 175 265 104
459 166 775 252 sucvnnndmno

110 365 215 429 neque
238 365 308 430 eas,
340 364 421 428 quac
444 363 511 408 non
541 340 583 406 ad
609 361 710 405 unam
738 338 956 406 substantiam
979 342 1130 426 tendunt,

107 455 189 499 unas
213 454 293 515 esse,
315 432 378 497 hoc
401 430 511 496 modo:
534 429 562 494 si
586 427 673 494 dicat
691 428 762 513 quis
786 427 932 494 animal
955 433 989 495 et
1010 453 1126 498 rursus

108 521 318 609 gressibile
341 519 515 584 etiterum
538 517 662 602 bipes,
688 538 756 582 non
778 538 880 582 unum
903 520 953 583 est
975 520 1125 587 animal

108 632 168 676 nec
191 631 292 675 unum
315 606 522 694 gressibile
544 626 604 671 nec
626 627 725 672 unum
748 606 868 690 bipes.
906 606 957 671 sin
975 628 1052 674 vero
1076 608 1127 675 di·

74 713 188 764 cxero
218 696 361 763 animal
389 695 598 783 gressibile
625 695 734 778 bipes
762 693 914 760 continue
939 699 973 760 et
993 698 1128 781 propin·

112 808 187 873 que,
216 808 315 852 unum
344 789 406 871 est,
437 785 522 870 quod
550 783 614 850 tria
642 784 707 848 istu
728 783 839 849 iuncta
862 783 1061 870 significant,
1093 786 1128 852 id

112 880 162 942 est
188 876 296 942 homo.
342 877 567 941 convertamus
594 894 680 939 nunc
710 871 855 937 animum
885 872 925 937 ad
955 893 1011 939 eas
1042 896 1128 960 quac

109 966 204 1050 plura
227 966 356 1051 quidem
380 962 653 1050 significant-sed
677 961 829 1049 qontinue
846 960 1068 1048 proferuntur,
1089 967 1128 1028 ut

111 1076 184 1120 cum
216 1054 287 1119 dico
322 1051 504 1120 Socrates
537 1050 796 1136 philosophus
829 1051 963 1116 calvus
994 1072 1127 1117 senex:

57 1158 92 1208 10
111 1141 238 1208 uidetur
265 1141 359 1225 quasi
387 1140 544 1225 quaedam
569 1138 713 1205 Socratis
737 1159 807 1204 esse
831 1137 975 1204 definitio
998 1140 1128 1224 philo·

111 1228 257 1381 soplqruss
277 1229 557 1381 caltvusfqetnex,
582 1227 637 1292 sed
654 1248 722 1292 non
734 1248 869 1328 ,necesse
889 1228 999 1381 miili
1016 1228 1127 1383 huilps·

111 1338 164 1382 mo
255 1337 332 1382 ocra
347 1337 381 1381 es
450 1338 461 1379 1
526 1336 654 1381 omnem
708 1336 815 1380 mcum
838 1337 878 1382 ue
982 1337 1041 1382 oso
1088 1339 1128 1385 ns

112 1426 210 1471 senex
233 1406 342 1471 calvus
366 1408 415 1470 est
438 1366 509 1469 esde
533 1405 632 1469 etiarn
651 1337 839 1470 soii-aemi
863 1339 1027 1471 inlnultis
1041 1340 1127 1493 Idrgo

112 1493 315 1560 continuatio
346 1493 410 1558 ista
438 1493 525 1559 valet
555 1491 707 1559 accidere.
752 1493 903 1576 quocirca
929 1515 995 1559 non
1022 1516 1127 1561 unum

59 1597 92 1648 15
113 1583 283 1669 significat,
307 1604 505 1668 quamquam
529 1582 681 1647 continue
703 1581 897 1666 proferetur.
934 1603 1011 1668 ergo
1036 1585 1065 1649 si
1088 1605 1127 1649 ex

112 1673 261 1738 omnibus
289 1694 389 1738 unum
418 1672 570 1757 quiddam
600 1671 801 1757 significetur
823 1673 856 1734 et
879 1671 1030 1737 continue
1052 1694 1127 1757 pro·

109 1761 241 1846 feratur,
263 1783 329 1826 una
348 1764 398 1827 est
416 1761 530 1845 oratio,
548 1764 585 1824 ut
602 1763 712 1845 partes
731 1759 889 1842 quaedam
908 1760 955 1824 rei
974 1759 1127 1827 definitas

111 1851 178 1914 sint
201 1871 240 1914 eu
262 1871 344 1932 quae
371 1850 407 1913 in
429 1849 617 1915 definitione
639 1850 819 1933 ponuntur,
845 1869 912 1913 non
936 1848 1125 1916 accidentia

113 1939 146 2000 et
172 1937 301 2020 proficit
327 1936 457 2020 quidem
480 1936 603 2020 aliquid
626 1938 781 2003 continua
802 1937 943 2021 prolatio
968 1938 1008 2002 ad
1031 1938 1125 2023 perfi-

58 2024 259 2091 acciendum
287 2046 387 2090 unam
416 2025 611 2111 orationem,
641 2025 696 2090 sed
719 2025 791 2109 ipsa
814 2026 886 2090 sola
906 2047 974 2091 non
997 2027 1129 2113 sufficit,

113 2113 179 2180 nisi
210 2135 312 2180 unum
344 2135 472 2199 quoque
504 2114 684 2180 subiectum
715 2114 768 2180 sit.
814 2117 911 2199 atque
942 2114 1013 2180 ideo
1045 2115 1129 2181 dixit

114 2202 353 2270 Aristoteles
383 2204 526 2269 animal
550 2202 761 2288 gressibile
784 2203 893 2288 bipes
915 2224 983 2269 non
1004 2204 1128 2271 idcirco

112 2313 182 2363 esse
209 2315 309 2358 unam
337 2293 530 2378 orationem,
562 2293 648 2378 quod
671 2292 852 2377 propinque
875 2291 1009 2358 dicatm.
1045 2315 1126 2359 nanu

111 2399 216 2463 neque
239 2381 358 2445 sufficit
381 2382 422 2446 ad
441 2381 700 2448 constituendam
723 2402 822 2446 unam
846 2381 1026 2447 orationem
1050 2403 1128 2467 pro·

58 2482 94 2532 25
113 2467 278 2552 pinquitas
301 2469 484 2552 proferendi
506 2469 653 2552 nihilque
675 2469 870 2555 prohiberet,
894 2491 975 2556 quae
993 2474 1129 2537 natura·

113 2556 189 2620 liter
221 2559 330 2621 essent
360 2557 568 2640 multiplices,
606 2577 660 2621 eas
693 2558 843 2623 continue
876 2561 909 2623 et
943 2556 1128 2645 propinque

112 2644 258 2728 prolatas
281 2665 365 2709 unas
387 2644 497 2709 videri.
530 2644 586 2710 sed
608 2643 704 2710 huius
726 2647 773 2711 rei
795 2647 956 2713 rationem
978 2647 1128 2715 Aristo·

112 2732 213 2798 teles
245 2753 366 2817 ponere
399 2732 535 2799 distulit.
590 2754 703 2799 sensus
735 2756 812 2821 ergo
845 2735 1032 2813 huiusmodi
1062 2738 1128 2803 est:

112 2842 271 2887 necesse
291 2824 362 2907 est,
383 2821 497 2908 inquit,
517 2843 662 2888 omnem
681 2825 965 2890 enuntiativam
985 2824 1128 2893 oratio·
1170 2878 1174 2901 2

60 2925 95 2975 30
113 2919 198 2975 n'e'm
226 2931 270 2975 ex
296 2911 414 2976 verbo
442 2933 524 2978 esse
551 2912 614 2976 vel
643 2932 743 2978 casu.
786 2914 929 2979 etenim
957 2912 1131 2981 hominia
1166 2934 1173 2993 ζ

112 3000 230 3086 ratio,
262 3020 344 3084 quae
369 2999 495 3084 etipsa
520 3022 647 3086 quoque
670 3001 775 3067 oratio
804 3005 866 3087 est,
898 3001 932 3067 si
958 3023 1033 3069 non
1059 3004 1131 3069 ant
1173 3036 1178 3087 3

113 3092 173 3152 est
195 3091 261 3152 aut
284 3088 360 3152 erit
382 3092 448 3153 aut
470 3088 547 3154 fuit
569 3092 636 3155 aut
660 3088 808 3175 aliquid
830 3089 1051 3158 huiusmodi
1076 3090 1130 3157 illi
1159 3088 1178 3167 ’ἐξ

183 3247 199 3296 5
220 3244 249 3298 et
266 3259 316 3300 om.
335 3243 371 3298 1³¹
444 3251 460 3301 6
479 3261 551 3315 quae
569 3244 608 3301 '1¹¹
681 3252 714 3302 12
733 3247 851 3304 socratis
870 3248 888 3302 S
908 3249 986 3316 (corr.
1003 3244 1091 3318 8¹)ss
1157 3206 1167 3309 .''

113 3316 147 3365 15
167 3313 326 3383 significant
342 3315 365 3369 F
384 3316 462 3386 (corr.
483 3317 549 3386 F¹?)
640 3322 682 3373 19.
702 3323 735 3373 20
758 3318 958 3390 perficiendum
975 3318 999 3374 E
1089 3322 1130 3377 ὕ
1152 3332 1161 3393 ᾗ

79 3399 201 3648 ιὲἒιῗ
217 3386 418 3531 qqqqlnTquqrr.
438 3388 506 3459 Tu)
611 3394 644 3444 31
665 3389 705 3461 et]
723 3389 753 3444 in
772 3390 795 3445 Τ
813 3391 892 3459 (corr.
912 3389 978 3459 Tu)
1082 3390 1161 3479 *3
