2386 4342
252 223 275 286 4
596 218 767 274 SECVNDA
783 217 908 272 EDITIO

252 371 498 450 postremosque
527 363 709 446 analyticos
737 385 805 428 non
833 362 985 427 vertendo
1013 363 1074 426 Ar:

252 455 371 520 Latino
404 453 545 518 sermoni
576 451 725 534 tradidit,
763 451 818 516 sed
854 451 1075 515 transferendc

254 544 384 627 stium,
409 540 495 627 quod
519 541 574 626 qui
596 545 751 625 utrosque
775 541 858 625 legit
879 541 972 604 facile
998 540 1076 603 intel

252 633 369 696 binus
399 652 525 715 quoque
558 630 597 694 de
624 628 726 694 isdem
754 629 850 694 rebus
879 629 1044 712 scripsisse
1071 652 1078 712 1

218 720 344 784 acuius
373 739 434 804 ego
464 719 679 805 geometricos
706 718 835 803 quidem
863 717 965 782 libros
988 719 1079 782 editor

253 808 422 874 dialectica
444 830 520 873 uero
545 808 600 873 diu
623 808 825 892 multumque
849 807 1014 892 quaesitos
1038 829 1081 890 rc]

253 898 347 970 valui.
390 898 457 962 sive
476 898 576 982 igitur
594 897 650 961 ille
669 897 801 962 omnino
819 897 934 978 tacuit,
956 917 1015 960 nos
1039 919 1082 979 pr.

253 987 410 1070 dicemus,
443 987 511 1050 sive
541 986 663 1071 aliquid
686 986 830 1069 scripsit,
861 1007 922 1049 nos
947 1006 1073 1068 quoque

64 1132 67 1139 .
190 1067 200 1079 ’
253 1075 374 1138 imitati
412 1073 554 1138 studium
590 1075 625 1137 in
661 1074 776 1138 eadem
811 1073 906 1138 laude
942 1074 1082 1138 versabir

203 1179 235 1235 10
255 1184 454 1246 quamquam
482 1162 585 1225 multa
612 1161 678 1226 sint
710 1160 911 1246 Aristotelia,
944 1183 1026 1245 quae
1057 1185 1082 1225 si

254 1250 482 1335 philosophiae
512 1253 581 1314 arte
610 1251 715 1314 celata
739 1250 817 1334 sint,
849 1249 903 1313 hic
925 1253 1037 1313 tamen
1060 1273 1082 1314 a:

254 1339 337 1403 liber
372 1339 472 1403 nimis
509 1342 542 1402 et
578 1339 725 1403 acumine
763 1339 996 1403 sententiarum
1033 1344 1066 1402 ct

254 1427 414 1492 brevitate
441 1426 634 1491 constrictus
663 1430 721 1492 est.
767 1427 918 1511 quocirca
944 1428 1017 1510 plus
1040 1427 1082 1490 hir

256 1514 366 1580 decem
389 1515 662 1599 praedicamentis
686 1517 886 1599 expositione
911 1515 1082 1580 sudabitur

203 1619 237 1669 15
344 1604 440 1669 Prius
467 1604 568 1688 igitur
595 1603 673 1688 quid
701 1625 763 1668 vox
791 1605 835 1669 sit
863 1603 1076 1668 definiendum

256 1694 340 1758 enim
370 1694 542 1776 perspicuo
571 1697 603 1757 et
630 1693 805 1758 manifesto
834 1693 937 1758 omnis
965 1694 1040 1757 libri
1068 1717 1082 1777 p

255 1783 368 1847 tentio.

344 1869 420 1934 Vox
448 1872 498 1933 est
525 1869 608 1932 aeris
636 1891 695 1952 per
722 1871 871 1955 linguam
898 1871 1075 1953 percussio,

61 2016 65 2045 Ζ
257 1957 414 2041 quasdam
442 1957 583 2041 gutturis
607 1962 730 2042 partes,
762 1981 845 2042 quae
870 1960 1005 2022 arteriae
1028 1981 1082 2023 vo<

83 2062 86 2071 “
203 2062 238 2110 20
258 2046 392 2110 animali
415 2045 587 2128 profertur.
641 2050 717 2111 sunt
748 2047 835 2110 enim
864 2047 993 2131 quidam
1023 2048 1080 2111 alii

256 2134 369 2200 eodem
391 2133 604 2218 perficiuntur
625 2133 713 2217 flatu,
736 2157 817 2220 quos
840 2136 952 2220 lingua
974 2158 1041 2200 non
1063 2160 1082 2220 p

256 2228 307 2289 est
333 2223 442 2290 tussis.
487 2223 568 2288 haec
595 2223 682 2287 enim
709 2223 789 2288 flatu
816 2224 853 2287 fit
881 2224 1020 2308 quodam
1048 2247 1082 2309 pe

256 2312 456 2395 egrediente,
493 2310 550 2376 sed
582 2312 672 2376 nulla
704 2313 836 2398 linguae
872 2314 1075 2396 inpressione

55 2464 59 2471 ,
206 2414 240 2462 24
259 2404 355 2482 atque
384 2398 457 2464 ideo
484 2421 545 2463 nec
573 2400 647 2464 ullis
677 2401 822 2464 subiacet
849 2403 1027 2486 elementis,
1060 2425 1082 2466 s«

54 2494 60 2551 ξ
152 2515 180 2568 p.
190 2503 242 2552 290
260 2489 351 2553 nullo
379 2486 476 2552 modo
505 2491 622 2569 potest.
669 2489 819 2572 quocirca
839 2490 843 2573 Ι
864 2512 926 2554 vox
952 2490 1033 2556 haec
1056 2512 1082 2554 n

259 2576 316 2641 sed
343 2579 474 2640 tantum
502 2597 609 2640 sonus.
655 2577 712 2641 illa
741 2600 868 2662 quoque
896 2583 1005 2662 potest
1033 2600 1082 2644 ess

258 2665 357 2747 vocis,
380 2667 417 2728 ut
440 2686 513 2728 eam
536 2665 679 2731 dicamus
703 2689 818 2732 sonum
842 2689 912 2731 esse
936 2690 1009 2734 cum
1033 2689 1082 2753 qur

259 2753 425 2838 ginatione
458 2753 669 2837 significandi.
722 2778 789 2820 vox
819 2777 960 2840 namque
993 2778 1068 2822 cum

260 2841 507 2926 significationis
541 2843 675 2907 alicuius
709 2867 811 2909 causa
842 2845 1016 2928 profertur.
1063 2846 1081 2911 t

207 2945 241 2995 30
259 2952 332 2995 cum
362 2952 461 2995 sonus
491 2931 546 3016 sit,
577 2931 698 2997 nullius
728 2933 979 3018 significationis
1006 2952 1082 2999 caus

331 3121 535 3195 eougquir
638 3122 828 3179 cerscamp
937 3102 1082 3261 ragom}

260 3193 300 3246 sic
316 3208 417 3262 semper
434 3195 537 3249 codices
628 3200 643 3248 7
662 3193 776 3249 omniuo
793 3193 843 3246 ille
862 3191 886 3245 Τ
977 3196 1041 3259 11,Ι

261 3261 284 3317 Τ
339 3264 590 3320 1601111101ηῶ
656 3270 690 3318 1⁷
708 3261 829 3317 intentio
845 3276 967 3313 navoor
982 3250 1082 3319 Sim

260 3352 397 3389 oarmmro
416 3354 496 3390 vcors
514 3335 537 3388 E
557 3339 623 3389 orii
640 3351 720 3388 vcors
739 3332 776 3386 F²
869 3336 903 3385 19
926 3328 1077 3412 galatia?

262 3403 338 3458 cuius
352 3436 387 3446 —
400 3406 423 3460 s'
465 3405 614 3460 'cationis
633 3403 721 3458 (11111
738 3419 824 3473 mary.
882 3400 994 3456 eumer
1065 3406 1082 3459 Ι

262 3476 418 3545 surripiet}
