2386 4342
134 216 177 282 58
483 211 654 268 SECVNDA
671 211 796 267 EDITIO

133 382 233 427 unam
250 363 379 425 tantum
394 357 494 424 animi
508 358 696 442 passionem
710 358 974 442 intellectumque
989 356 1150 444 designet.

132 472 209 515 nam
246 471 320 516 cum
356 448 427 513 dico
469 446 745 531 suburbanum,
782 446 909 529 <habet
939 445 1151 531 urbanum>

132 538 400 625 imaginationem
424 535 642 621 significandi,
670 535 726 600 sed
749 535 796 600 ita
818 539 856 601 ut
878 557 898 600 a
920 538 991 600 toto
1015 537 1151 602 nomine

133 630 331 711 separatum,
359 647 432 691 cum
460 625 500 690 ad
528 624 637 708 ipsum
663 624 801 689 refertur
828 644 960 707 nomen,
984 625 1151 709 significet

96 715 226 783 anihil:
258 718 296 781 ut
323 715 359 779 in
387 735 425 780 eo
450 713 536 799 quod
560 713 695 779 dicimus
724 712 922 799 equiferus
946 712 1053 781 ferus
1078 715 1151 780 vult

132 804 262 890 quidem
285 803 406 887 aliquid
430 803 626 888 significare,
650 801 706 868 sed
729 803 757 868 si
781 824 800 867 a
823 804 894 867 tota
918 802 1148 886 conpositione

131 896 309 979 separatur,
331 891 414 958 nihil
438 892 571 958 omnino
591 892 743 977 designat
761 891 796 956 in
815 912 853 956 eo
873 890 998 956 scilicet
1015 893 1149 958 nomine

130 983 165 1048 in
189 1006 252 1069 quo
276 1003 349 1047 cum
373 983 459 1066 equi
482 981 642 1066 particula
660 981 806 1062 iunctum
830 978 1045 1065 equiferum
1070 1002 1149 1047 con·

130 1071 345 1156 significahat
404 1070 509 1135 omnis
541 1091 680 1155 nemque
712 1070 793 1135 haec
826 1068 1010 1152 conpositio
1048 1070 1147 1136 unius

79 1177 111 1227 10
129 1160 314 1224 intellectus
338 1155 542 1241 designativa
564 1162 621 1223 est.
663 1178 760 1242 quare
783 1159 818 1222 in
842 1158 988 1224 oratione
1013 1157 1147 1242 quidem

130 1248 236 1312 ferus
261 1243 423 1329 significat
440 1242 576 1331 (etenim
599 1267 717 1331 equus
740 1244 843 1311 ferus
867 1246 971 1312 oratio
991 1245 1074 1311 duos
1099 1270 1149 1313 re·

130 1336 214 1400 tinet
240 1330 448 1419 intellectus),
470 1335 505 1399 in
526 1335 658 1400 nomine
681 1355 756 1399 vero
780 1334 875 1420 nihil,
908 1335 1064 1420 quoniam
1087 1335 1151 1403 hoc

133 1422 219 1508 quod
247 1422 383 1487 dicimus
412 1423 610 1507 equiferus
638 1422 734 1489 unius
762 1424 946 1489 intellectus
970 1423 1150 1510 designati·

132 1533 209 1577 vum
246 1514 304 1577 est.
356 1511 412 1576 sed
448 1511 588 1577 fortasse
624 1511 730 1577 ferus
767 1534 840 1577 cum
878 1535 916 1577 ee
952 1516 1046 1597 parte
1086 1536 1152 1599 qua

82 1617 115 1668 15
133 1600 279 1667 iunctum
312 1604 363 1665 est
395 1601 492 1668 simul
525 1601 654 1687 quidem
687 1601 922 1686 consignificet,
960 1607 1149 1685 separatum

132 1712 208 1756 vero
231 1690 321 1756 nihil.
366 1690 427 1756 hoc
451 1694 501 1756 est
524 1711 601 1776 ergo
625 1689 711 1775 quod
734 1692 795 1755 ait:
1013 1714 1023 1723 ¹

221 1780 271 1844 At
289 1801 379 1845 vero
402 1801 478 1845 non
501 1779 816 1865 quemadmodum
839 1779 878 1843 in
900 1778 1150 1862 simplicibus

133 1868 370 1950 nominihus,
402 1869 458 1932 sic
492 1890 529 1933 se
558 1869 677 1933 hahet
704 1869 822 1933 etiam
850 1869 888 1933 in
915 1870 1153 1952 conpositis.

134 1956 174 2019 in
196 1954 278 2019 illis
302 1955 401 2018 enim
421 1955 528 2021 nullo
548 1956 657 2022 modo
676 1978 765 2040 pars
784 1955 1056 2042 significativa
1076 1963 1153 2045 est,

81 2061 115 2111 20
133 2044 172 2109 in
194 2043 253 2108 his
273 2046 398 2108 autem
417 2044 501 2110 vult
521 2044 685 2128 quidem,
709 2044 774 2109 sed
793 2045 939 2110 nullius
960 2049 1152 2132 separati,

134 2136 175 2198 ut
198 2133 237 2197 in
260 2132 458 2218 equiferus
482 2132 595 2199 ferus.

222 2220 365 2307 Simplex
389 2223 474 2288 enim
499 2245 617 2289 nomen
636 2244 695 2287 nec
714 2222 981 2307 imaginationem
1001 2224 1149 2309 aliquam

133 2314 273 2395 partium
301 2312 548 2397 significationis
580 2312 691 2396 habet,
724 2313 929 2395 conpositum
956 2335 1033 2378 vero
1063 2315 1150 2381 tales

133 2398 234 2462 habet
256 2403 376 2483 partes,
397 2405 435 2464 ut
458 2402 550 2485 quasi
574 2405 729 2465 conentur
753 2400 882 2485 quidem
906 2400 1028 2486 aliquid
1048 2403 1151 2489 signi·

81 2502 115 2553 25
133 2487 238 2569 ficare,
262 2484 318 2550 sed
340 2489 586 2572 consignificent
608 2489 716 2572 potius
741 2509 837 2572 quam
859 2488 1035 2575 quidquam
1056 2496 1150 2559 extre

135 2574 325 2659 significent.
372 2574 480 2651 addito
513 2575 615 2659 igitur
647 2577 786 2659 nomini,
818 2577 904 2663 quod
936 2579 1003 2644 eius
1037 2584 1151 2664 partas

133 2663 215 2728 nihil
238 2665 405 2746 separatae
430 2663 625 2748 significent,
646 2686 767 2731 nomen
789 2666 830 2730 ab
855 2668 1001 2733 oratione
1026 2668 1151 2737 disiun-
1174 2697 1177 2701 ·

135 2756 221 2816 ctum
258 2753 316 2815 est.
370 2756 542 2838 postquam
579 2753 792 2820 adiectionem
829 2778 910 2840 quae
948 2760 998 2822 est
1034 2758 1150 2827 cuius

207 2914 220 2961 1
241 2905 403 2978 passionum
423 2909 455 2963 S²
513 2916 528 2964 2
549 2909 635 2966 hahet
652 2911 790 2966 urbanum
809 2927 856 2983 epo
874 2913 952 2969 add:
972 2929 1022 2970 om.
1042 2915 1151 2973 codiooe

134 2981 281 3048 (urbanum
300 2979 363 3034 odd.
383 2980 412 3049 b)
485 2980 686 3050 3imaginatio
706 2985 749 3036 ast
767 2981 836 3036 qu
885 2992 950 3053 post
968 2985 1144 3056 significand'

134 3067 220 3120 supro
239 3053 287 3106 lia.
308 3068 329 3104 s.
348 3052 427 3106 tenet
445 3050 537 3106 S⁹E¹l
557 3053 627 3122 sign.
646 3056 724 3108 tenet
742 3053 788 3107 Fb
859 3060 876 3108 4
895 3054 1078 3126 significati*

138 3126 170 3176 10
189 3120 454 3192 designificatiuaE
538 3140 593 3193 qua
611 3123 640 3193 S,
688 3123 735 3178 uia
755 3123 815 3178 S’F
890 3127 1099 3199 1e.14design

136 3192 259 3246 catinum
274 3191 306 3245 S¹
348 3199 395 3247 ,15
414 3192 626 3263 consignificant
640 3193 672 3248 8¹
704 3195 955 3265 ‚consignificatT
1013 3202 1046 3254 18
1059 3200 1099 3255 ha

136 3263 205 3316 sall
276 3263 382 3327 habent
400 3266 433 3334 Σ,
452 3265 577 3320 habeant
594 3265 619 3322 ἵ
638 3267 717 3334 (corr.
737 3265 785 3336 Ψ)
858 3270 887 3323 at
904 3267 960 3325 Σῖ
1032 3275 1066 3325 21

134 3332 165 3386 in
182 3333 245 3388 cdd.
265 3335 297 3388 aa
314 3350 399 3407 morp.
419 3352 451 3391 eo
471 3335 546 3406 quod
565 3337 607 3391 est
624 3336 654 3404 F,
673 3335 703 3390 in
718 3352 770 3414 ¹oua
791 3336 859 3395 Σῖῑ
913 3339 988 3393 ferna
1007 3355 1057 3395 om.
1076 3286 1099 3397 f

134 3404 216 3458 cuba
230 3403 280 3459 Ar.
296 3407 437 3462 continuat
454 3423 538 3477 usque
556 3408 607 3462 od:
626 3407 698 3461 nihil
716 3410 759 3463 est
776 3425 878 3465 noman
896 3410 959 3465 Bet
971 3411 1004 3465 ia
1016 3427 1099 3483 maro.

134 3476 307 3544 puerperiae
320 3482 383 3532 cate
395 3481 544 3548 postquam
559 3481 614 3548 (28)
629 3481 774 3535 inserenda
787 3487 866 3536 eraut
902 3487 936 3535 27
952 3478 1097 3553 significan
