2386 4342
171 153 216 220 50
519 151 689 209 ssovnns
708 150 831 207 semro

171 305 204 364 et
227 298 386 385 exquisita
409 297 583 363 subtilitas.
616 296 656 362 ad
681 295 967 362 demonstrandum
991 296 1078 362 enim
1101 320 1147 382 qu

169 410 270 454 unum
298 387 402 452 solum
430 407 549 450 nomen
577 407 679 471 neque
707 405 818 450 verum
846 384 890 449 sit
921 406 1025 470 neque
1057 385 1147 452 falsu

168 477 280 561 posuit
294 474 481 540 huiusmodi
490 494 618 559 nomen,
628 474 715 560 qnod
729 474 932 557 conpositum
947 473 1077 559 quidem
1092 496 1147 540 ess

169 565 258 630 nulla
279 567 390 629 tamen
412 563 480 629 eius
504 563 688 634 substantia
710 563 913 645 reperiretur.
946 563 974 627 si
997 564 1084 647 quod
1108 586 1147 647 er,

134 669 269 719 sunum
300 674 421 720 nomen
448 652 617 718 veritatem
649 655 761 736 posset
787 650 1005 716 falsitatemve
1037 653 1147 719 retine:

168 745 280 829 posset
293 740 479 808 huiusmodi
492 761 620 826 nomen,
636 739 721 826 quod
736 743 787 805 est
799 739 1015 822 hircocervus,
1030 741 1147 826 quonia

169 831 301 897 omnino
328 831 363 896 in
384 832 481 896 rebus
504 830 596 896 nulla
618 830 669 894 illi
692 829 876 895 substantia
899 833 957 913 est,
985 830 1107 895 falsum
1131 853 1147 896 a

168 920 244 1006 quid
272 920 454 1005 designare,
483 919 540 984 sed
568 941 635 985 non
657 917 808 1003 designat
830 917 973 1002 aliquam
996 918 1147 984 falsitate:

167 1011 231 1074 nisi
259 1009 346 1073 enim
375 1008 500 1073 dicatur
527 1008 731 1074 hircocervus
760 1008 811 1072 vel
839 1027 909 1071 esse
937 1006 989 1072 vel
1016 1028 1083 1072 non
1107 1029 1147 1074 esi

116 1114 149 1162 10
168 1116 364 1181 quamquam
383 1096 489 1179 ipsum
508 1116 566 1179 per
585 1117 619 1160 se
637 1116 704 1160 non
723 1096 774 1178 sit,
797 1095 903 1160 solum
926 1099 1037 1159 tamen
1062 1095 1147 1162 dictu

166 1184 249 1249 nihil
267 1184 342 1249 falsi
360 1183 395 1248 in
419 1204 457 1249 eo
476 1204 623 1248 sermone
643 1184 750 1247 verive
772 1184 988 1267 perpenditur.
1025 1184 1129 1270 igitur

168 1270 453 1338 demonstrandam
466 1272 533 1337 vim
547 1272 704 1355 simplicis
722 1271 873 1355 nominis,
893 1272 978 1356 quod
997 1274 1087 1338 omni
1103 1296 1147 1340 ve:

167 1364 236 1427 tete
269 1364 378 1426 careat
408 1363 504 1446 atque
534 1360 712 1445 mendacio,
741 1360 809 1425 tale
836 1360 870 1424 in
898 1362 1045 1444 exemplo
1073 1385 1147 1446 posi

154 1471 300 1535 unomen,
323 1449 374 1514 cui
392 1471 443 1515 res
458 1448 553 1526 nulla
572 1449 716 1515 subiecta
734 1449 785 1515 sit.
815 1448 900 1534 quod
924 1451 952 1514 si
975 1450 1052 1534 quid
1071 1472 1147 1517 veru

116 1552 148 1604 15
168 1540 220 1604 vel
238 1539 358 1604 falsum
378 1560 477 1604 unum
491 1559 608 1604 nomen
625 1538 808 1624 significare
822 1541 944 1624 posset,
957 1560 1080 1605 nomen
1099 1563 1147 1625 qu

167 1651 238 1695 eam
268 1649 337 1694 rem
368 1627 533 1713 designat,
562 1649 645 1713 quae
674 1628 710 1692 in
739 1626 835 1692 rebus
865 1647 932 1692 non
961 1627 1019 1709 sit,
1049 1629 1147 1694 omni]

166 1718 287 1784 falsum
306 1720 399 1782 esset
422 1717 478 1781 sed
496 1738 564 1782 non
582 1720 645 1782 eet:
664 1739 732 1782 non
750 1716 851 1802 igitur
868 1714 936 1780 ullu
954 1716 1073 1781 veritas
1093 1717 1147 1783 fal

166 1811 281 1891 tesqua
314 1806 349 1869 in
383 1805 523 1887 simplici
552 1827 705 1891 umquem
735 1805 866 1871 nomine
897 1806 1084 1888 reperietur.
1127 1829 1146 1871 n

168 1893 248 1958 illud
262 1913 380 1976 parvae
396 1913 489 1957 curae
507 1893 569 1957 fuit
588 1915 655 1958 non
674 1914 794 1977 ponere
812 1906 931 1958 nomen
949 1893 1034 1978 quod
1049 1895 1141 1960 omni

114 1997 148 2048 20
166 1981 248 2048 nihil
272 1980 485 2066 significaret,
514 1980 570 2045 sed
594 1982 775 2066 quodcum
799 1981 996 2066 significaret
1019 1982 1134 2067 quidde

166 2079 276 2137 tamen
293 2092 405 2135 verum
425 2072 481 2135 aut
499 2068 618 2134 falsum
637 2092 707 2136 esse
725 2091 792 2134 non
809 2074 930 2154 posset,
953 2074 991 2134 ut
1009 2092 1076 2136 non
1099 2073 1130 2138 vi

165 2165 255 2227 retur
277 2160 423 2226 veritatis
450 2159 670 2244 falsitatisque
693 2180 820 2224 cassum
844 2180 927 2242 esse,
958 2181 995 2224 eo
1027 2163 1124 2244 quom'

165 2249 246 2314 nihil
265 2248 472 2333 significaret,
495 2248 721 2334 sedquoniam
740 2252 826 2315 esset
840 2248 1031 2333 simpliciter
1050 2248 1116 2315 dict

166 2357 363 2420 quamquam
376 2337 411 2401 in
425 2338 538 2402 eodem
551 2336 631 2401 illud
645 2358 773 2421 quoque
787 2337 922 2422 conficit,
946 2340 983 2402 ut
997 2338 1111 2403 ostend

114 2439 148 2489 25
167 2445 235 2490 non
264 2423 369 2489 solum
397 2423 534 2507 simplex
566 2445 686 2489 nomen
707 2426 852 2491 veritate
887 2430 984 2509 atque
1014 2428 1106 2492 men<l

167 2533 239 2578 esse
258 2509 500 2596 alienissimum,
519 2510 575 2576 sed
594 2512 694 2575 etiam
708 2513 878 2595 conposita
895 2535 1023 2599 quoque
1035 2535 1099 2579 non

168 2601 195 2666 si
215 2622 282 2666 non
300 2599 444 2664 habeant
463 2599 605 2684 aliquam
624 2600 798 2666 secundum
817 2622 901 2665 esse
924 2602 975 2667 vel
997 2623 1076 2667 non

167 2687 267 2774 (siout
295 2687 442 2771 superius
472 2687 680 2776 dictumest)
705 2689 975 2774 conpositionem,
998 2709 1087 2757 verus

166 2778 286 2844 falsum
307 2776 489 2862 significare
507 2799 575 2844 non
592 2800 704 2864 posse:
726 2782 893 2864 tamquam
913 2778 941 2843 si
959 2776 1079 2846 diceret

112 2884 148 2933 30
167 2869 272 2934 solum
302 2866 439 2950 simplex
467 2888 585 2933 nomen
608 2871 737 2952 praeter
760 2869 902 2953 aliquem
925 2867 1075 2952 conposit

164 2959 248 3023 nihil
277 2978 389 3022 verum
416 2957 576 3021 falsumve
603 2957 780 3043 significat,
808 2958 864 3022 sed
887 2957 986 3023 etiam
1009 2978 1068 3024 con

237 3137 338 3215 3cum
357 3131 545 3236 compositum
565 3129 638 3216 ΒΨ
715 3131 923 3203 trepperietur
940 3131 978 3186 F'
1048 3136 1058 3187 l

166 3206 337 3344 reterre
353 3202 375 3258 F
391 3203 659 3358 eretum
718 3198 1054 3359 &triremi

166 3361 235 3471 {⁹1⁰0
236 3344 513 3486 ochhhhilioshlam
531 3351 610 3401 cetere
682 3350 716 3400 24
735 3345 872 3402 confecit?
944 3349 979 3400 2?
997 3342 1035 3401 hc
