2386 4342
115 193 162 259 40
465 193 637 251 SECVNDA
654 193 782 250 EDITIO

117 339 232 406 deamr
261 359 397 424 quorum
427 359 522 403 voees
552 337 787 423 significativae
817 337 885 402 sint
912 339 965 403 vel
990 360 1135 423 quorum

116 427 284 512 passiones
307 426 435 491 animae
457 425 699 491 similitudines.
731 430 765 491 et
782 425 844 491 hoo
867 426 1057 510 simpliciter
1079 448 1135 492 ao·

116 515 301 600 cipieudum
325 517 375 580 est
396 514 573 579 seeundum
590 512 831 596 Hominum,
854 519 891 579 ut
904 515 954 579 ita
972 514 1136 581 dieamust

116 624 256 688 quorum
283 622 379 668 voees
408 601 643 688 significativae
669 605 761 686 sunt,
792 602 868 667 illae
896 606 973 667 suut
1000 603 1136 668 emmae

80 690 298 775 messiones,
330 692 497 775 tamquam
525 689 661 756 diceret:
695 690 823 756 animae
850 690 1018 774 passiones
1042 697 1134 775 sunt,

114 778 1135 952 &diffidiVdftdbtfffintitffiffli

114 978 175 1042 nes,
193 960 364 1042 tamquam
387 957 416 1023 si
439 956 586 1023 dixisset·
609 977 660 1021 nes
684 960 761 1021 sunt
778 977 859 1041 quas
878 955 1065 1040 signifioant
1080 957 1132 1020 in·

113 980 287 1113 bellottus.q
317 1045 374 1110 sed
401 1043 643 1128 Porphyrius
670 1044 711 1110 de
738 1045 885 1146 utrisque
912 1047 1005 1109 acute
1029 1044 1135 1109 subti-

63 1149 96 1199 10
115 1132 252 1215 literque
274 1131 397 1197 iudieat
419 1135 453 1196 et
473 1131 689 1197 Alexandri
708 1133 816 1216 magis
839 1132 1033 1197 sententiam
1055 1154 1134 1215 pro·

114 1221 183 1302 uas,
204 1219 267 1286 hoo
289 1217 376 1302 quod
399 1207 485 1284 diost
507 1239 574 1284 uon
597 1219 714 1284 debere
737 1219 935 1284 dissimulari
958 1221 997 1284 de
1019 1220 1133 1284 multi·

114 1307 193 1391 ptioi
220 1306 495 1393 aequivoca-tionis
523 1306 770 1391 signifieatioue.
811 1329 891 1372 nam
917 1308 1037 1392 etqui
1050 1308 1134 1373 dieit

115 1395 157 1459 ad
184 1416 283 1459 unam
311 1394 489 1478 quamlibet
515 1416 585 1460 rem
606 1395 792 1481 eommodnt
814 1396 974 1480 animum,
1005 1395 1134 1461 scilieet

115 1503 212 1566 quam
235 1482 431 1568 intellegens
455 1504 533 1548 vooe
556 1484 708 1568 deolmt,
731 1487 764 1549 et
785 1505 886 1549 unum
904 1505 1016 1549 rursus
1034 1484 1132 1548 intel·

62 1585 95 1635 15
113 1571 233 1637 lectum
256 1571 434 1656 quemlibet
452 1570 483 1637 is
510 1571 565 1656 qui
587 1572 679 1638 audit
693 1575 869 1656 exspectet
893 1571 979 1656 quod
998 1573 1035 1655 si,
1053 1593 1129 1636 oum

113 1663 247 1743 uterque
277 1682 315 1725 ex
342 1683 408 1728 uno
429 1661 642 1727 nominares
665 1660 808 1726 diversas
831 1660 1040 1745 intellegunt,
1071 1661 1133 1725 ille

48 1758 51 1764 '
114 1749 169 1832 qui
190 1770 311 1815 nomeu
328 1749 539 1833 aequivocum
557 1749 640 1815 dixit
657 1749 806 1835 designet
822 1749 950 1832 elarius,
973 1748 1052 1832 quid
1068 1749 1132 1814 illo

112 1836 245 1901 nomine
271 1837 457 1920 signifioare
480 1837 632 1921 voluerit,
662 1837 781 1922 eooipit
803 1857 880 1902 mox
902 1837 958 1920 qui
981 1836 1072 1901 audit
1095 1841 1132 1901 et

114 1923 155 1987 ad
185 1945 284 1990 unum
315 1924 517 1988 intelleotum
543 1925 670 2010 uinique
697 1925 906 2009 conveniunt,
938 1925 994 2008 qui
1015 1946 1132 1990 rursus

59 2025 95 2079 ιο
113 2010 151 2075 fit
173 2032 258 2077 unus
277 2011 368 2095 „apud
392 2010 523 2077 eosdem
544 2011 620 2078 illos
641 2012 729 2096 apud
752 2033 833 2096 quos
856 2012 961 2095 primo
980 2012 1130 2078 diversae

113 2096 243 2165 fuerant
266 2099 394 2166 animae
412 2098 584 2184 passiones
602 2103 736 2184 propter
754 2099 1051 2184 aequivocationem
1068 2122 1131 2166 no·

112 2189 220 2255 minis.
251 2189 462 2274 nequeenim
480 2188 551 2253 fian
566 2192 688 2274 potest,
710 2192 748 2254 ut
770 2188 826 2274 qui
848 2209 942 2254 voees
961 2188 1132 2273 positione

113 2277 332 2361 significantes
351 2301 372 2342 a
388 2281 508 2343 natura
526 2298 565 2342 eo
584 2278 769 2345 distinxerit
786 2277 873 2362 quod
892 2277 1020 2342 easdem
1039 2278 1129 2360 apud

113 2385 225 2430 omnes
249 2384 320 2429 esse
342 2386 410 2429 non
433 2366 564 2447 diceret,
584 2387 640 2431 eas
662 2387 714 2432 res
738 2388 820 2450 ques
842 2386 913 2430 esse
931 2366 1130 2432 naturaliter

58 2465 94 2517 ιι
112 2451 316 2534 proponebat
341 2472 410 2516 non
436 2473 475 2517 eo
497 2452 580 2515 tales
602 2474 675 2518 sese
696 2455 908 2534 monebunt,
931 2450 1017 2535 quod
1039 2454 1129 2535 apud

113 2560 226 2605 omues
249 2537 378 2603 easdem
401 2560 472 2603 esse
491 2539 709 2604 oonssendeset
743 2539 893 2623 quoeiroa
906 2537 1131 2606 Alexand-er

111 2627 164 2692 vel
185 2627 319 2710 propria
342 2627 505 2692 sententia
527 2626 579 2690 vel
599 2625 814 2710 Porphyrii
837 2625 1029 2690 auctoritate
1051 2647 1132 2708 pro-

113 2715 239 2782 bandus
276 2718 335 2780 est.
392 2715 448 2780 sed
478 2714 639 2800 ¹quoniam
674 2715 722 2779 ita
757 2713 838 2778 dixit
874 2713 1131 2782 Aristotelem

111 2824 272 2890 quorum
299 2806 425 2868 autem
451 2803 546 2868 haee
573 2802 784 2886 primorum
811 2805 943 2887 notae,
972 2802 1130 2871 eaedem

56 2892 288 2958 uoomnibus
321 2892 529 2975 passiones
558 2891 711 2956 animas
745 2894 833 2974 sunt,
878 2891 1006 2975 quaerit
1035 2890 1129 2957 Ate-

184 3080 525 3182 {tlosuptilitsrqsi}²
590 3081 935 3150 llhoodet.S²‚.omF
993 3081 1097 3151 quodi

111 3168 167 3220 quo
187 3101 338 3223 STEGN
357 3150 525 3234 quoqueE²
596 3153 721 3208 (ὶὶιιιιΕ2
794 3159 827 3208 14
845 3170 914 3209 voee
932 3169 1001 3208 eras
993 3100 1088 3207 qimid

112 3228 145 3277 16
164 3221 295 3304 utrique?
369 3228 402 3277 1⁷
422 3221 592 3292 designati*
665 3223 783 3293 quodT
856 3231 888 3279 18
906 3222 1063 3278 ιιοιαειιὸι

110 3297 146 3347 2³
164 3291 345 3348 distinxerint
363 3291 386 3346 T
458 3310 528 3362 quos
548 3294 693 3362 (suprascr
713 3294 742 3361 d)
762 3294 789 3365 S,
808 3295 856 3365 qui
875 3297 917 3362 (ia
930 3311 1016 3364 moro
1035 3309 1091 3378 quo

110 3363 241 3487 {hu
261 3364 318 3489 ogs]
336 3363 380 3419 is?
452 3369 487 3419 25
506 3364 751 3421 demonstraretT
823 3371 857 3420 2⁷
876 3384 911 3434 pr
897 3363 1079 3435 roporphiiii

130 3438 146 3487 9
185 3449 218 3488 ae
238 3449 268 3489 oo
289 3451 342 3490 sees
