2386 4342
518 653 531 707 1
552 670 575 710 c.
594 660 620 708 3.
1033 656 1074 719 Π

56 821 125 865 ιιοιι
139 797 347 864 subsistendi.
381 796 438 863 sed
452 797 538 882 quod
553 798 687 864 addidit:
710 821 778 866 nee
802 801 834 865 si
858 801 929 866 hoc
948 800 1075 885 ipsum

57 891 118 954 est
144 908 282 971 purum
310 886 454 951 dixeris
484 887 534 952 vel
562 888 589 952 si
617 888 664 953 its
687 887 833 953 dieamus
857 909 925 954 nee
949 891 980 954 si
1003 890 1075 955 hoc

56 978 185 1062 ipsum
209 996 276 1040 ens
298 997 433 1059 purum
457 974 618 1059 dixeris,
639 976 822 1042 Alexander
844 978 973 1063 quidem
996 977 1075 1043 dicit

56 1068 119 1132 est
141 1064 194 1130 vel
217 1086 284 1128 ens
312 1064 523 1148 aequivocum
545 1086 625 1128 esse.
671 1066 780 1130 omnia
803 1067 890 1130 enim
913 1067 1076 1151 praedica·

58 1157 183 1237 menta,
213 1173 295 1237 quae
317 1153 407 1218 nullo
431 1154 593 1217 communi
616 1154 727 1238 generi
751 1154 946 1238 subduntur,
970 1155 1111 1239 aequi-5

59 1264 141 1310 roca
163 1244 241 1307 sunt
264 1245 299 1306 et
321 1240 360 1306 de
384 1242 535 1306 omnibus
553 1262 624 1306 esse
642 1243 857 1326 praedicatur.
890 1245 1076 1310 substantia

58 1336 112 1397 est
134 1332 222 1395 enim
245 1334 278 1394 et
301 1329 443 1415 qualitas
467 1333 573 1394 estet
596 1331 762 1415 quantitas
785 1335 819 1397 et
841 1337 957 1398 cetera.
998 1354 1075 1418 ergo

60 1441 148 1486 nunc
165 1419 228 1484 hoo
246 1419 351 1483 dicere
370 1419 512 1483 videtur:
529 1419 637 1503 ipsum
655 1441 722 1483 ens
741 1421 794 1485 vel
812 1423 883 1505 est,
906 1420 992 1486 unde
1006 1442 1077 1485 esse

61 1508 246 1573 traductum
279 1512 341 1590 est,
374 1529 432 1590 per
464 1528 499 1572 se
530 1507 613 1572 nihil
645 1508 816 1593 signifieat.
867 1530 963 1574 omne
991 1508 1077 1573 enim

63 1596 274 1681 aequivocnm
296 1619 356 1681 per
379 1617 413 1661 se
436 1595 580 1680 positum
603 1597 686 1661 nihil
710 1596 867 1683 designat.
900 1598 967 1662 nisi
990 1597 1130 1663 enim10

61 1685 104 1751 ad
137 1705 189 1750 res
221 1706 364 1770 quasque
397 1707 456 1769 pro
488 1684 656 1750 voluntate
690 1686 907 1770 significantis
939 1689 1077 1770 aptetur,

61 1776 170 1858 ipsum
197 1796 257 1859 per
284 1795 318 1839 se
347 1795 385 1840 eo
413 1774 577 1839 nullorum
610 1774 863 1859 significativum
895 1780 959 1858 est,
991 1775 1077 1860 quod

60 1864 165 1928 multa
199 1863 371 1948 signifieat.
423 1861 667 1947 Porphyrius
702 1885 777 1929 vero
811 1865 909 1928 aliam
940 1865 1077 1948 protulit

61 1952 313 2036 expositionem,
336 1973 420 2036 quae
443 1955 493 2016 est
515 1950 715 2016 huiusmodi:
759 1974 864 2018 sermo
887 1953 955 2035 hic,
982 1974 1077 2038 quem

60 2041 196 2107 dicimus
219 2044 295 2125 est,
317 2041 440 2105 nullam
462 2063 521 2124 per
539 2062 574 2105 se
593 2041 810 2105 substantiam
829 2045 998 2125 menstrui,
1022 2041 1078 2106 sed
1098 2058 1130 2106 ιο

60 2151 190 2214 semper
213 2130 321 2214 aliqua
344 2129 528 2194 coniunctio
558 2133 622 2194 est:
652 2130 703 2194 vel
732 2151 843 2195 earum
865 2151 972 2194 rerum
996 2150 1077 2213 quae

62 2225 152 2302 sunt,
182 2219 210 2283 si
235 2218 425 2302 simpliciter
447 2218 643 2303 adponatnr,
670 2219 722 2282 vel
745 2217 879 2283 alterius
902 2217 1078 2282 secundum

61 2306 356 2391 participationem.
401 2328 479 2371 nam
502 2328 575 2371 cum
599 2306 672 2371 dico
701 2305 884 2372 Socrates
912 2309 984 2390 est,
1016 2305 1078 2371 hoc

61 2395 151 2460 dico:
184 2392 366 2459 Socrates
393 2396 515 2478 ahquid
543 2417 654 2461 eorum
684 2400 735 2460 est
765 2418 847 2480 quae
878 2397 954 2460 sunt
982 2399 1016 2459 et
1042 2395 1078 2459 in

61 2483 160 2548 rebus
183 2482 235 2546 his
255 2503 336 2568 quae
356 2487 431 2550 sunt
449 2483 647 2550 Socratem
665 2485 781 2585 iungo;
806 2486 857 2549 sin
876 2506 952 2549 vero
972 2484 1077 2549 dicam
1097 2499 1132 2548 eo

62 2570 247 2639 Socrates
270 2571 528 2657 philosophus
553 2573 872 2657 est,hoc1nquamz
896 2570 1077 2638 Socrates

62 2660 272 2744 philosophia
293 2662 475 2763 participat.
520 2684 631 2726 rursus
654 2662 708 2726 hic
732 2681 858 2746 quoque
882 2658 1079 2725 Socratem

63 2746 365 2850 philosophiamque
394 2751 566 2835 coniungo.
612 2771 689 2834 ergo
716 2750 778 2813 hoc
807 2746 980 2832 estquod
1007 2747 1078 2813 dico

63 2836 132 2900 vim
155 2836 389 2904 coniunctionis
412 2838 580 2904 cuiusdam
603 2839 737 2922 optinet,
760 2859 827 2902 non
849 2837 905 2901 rei.
941 2835 1077 2921 quod
1052 2858 1079 2902 si

63 2925 321 3010 conpositionem
344 2927 488 3011 aliquam
507 2926 813 3029 copulationemque
836 2926 1006 3011 promittit,
1029 2947 1079 2990 so·
1097 2940 1132 2990 25

62 3015 130 3079 lum
160 3015 284 3080 dictum
312 3015 397 3079 nihil
426 3016 559 3082 omnino
590 3015 759 3100 significat
810 3018 907 3099 atqm
936 3015 998 3079 hoc
1029 3015 1080 3078 est

61 3102 149 3188 quod
172 3104 235 3169 ait:
263 3125 331 3169 nec
359 3105 391 3168 si
414 3105 540 3188 ipsum
564 3107 623 3168 est
645 3126 781 3187 purum
804 3103 950 3167 dixeris
973 3103 1006 3167 id
1029 3104 1080 3167 est

62 3193 183 3258 solum:
214 3215 281 3258 non
312 3192 408 3264 modo
438 3214 542 3277 neque
568 3192 739 3257 veritatem
768 3213 873 3275 neque
902 3190 1079 3256 falsitatem

63 3278 223 3367 designat,
245 3280 302 3345 sed
325 3281 456 3347 omnino
479 3281 579 3346 nihil
604 3283 673 3345 est
713 3283 747 3344 et
769 3280 856 3364 qnod
879 3283 1006 3344 secutus
1030 3282 1080 3343 est

62 3369 199 3452 planum
220 3369 311 3434 fecit:
340 3369 637 3455 consignificat,
663 3368 782 3453 inquit,
806 3370 934 3433 autem
958 3388 1077 3452 qnan-
1097 3381 1133 3432 so

134 3567 225 3616 3ens
247 3579 350 3643 purum
372 3561 404 3615 b:
430 3563 474 3616 est
491 3578 593 3631 purum
612 3559 676 3627 ΤΕ,
703 3577 806 3630 purum
824 3560 867 3613 eet
885 3555 973 3614 SPE
1063 3564 1079 3613 ὃ

61 3632 170 3687 nullib
244 3631 488 3688 ‘lenimest'lhi
560 3630 780 3687 all.estom.F
852 3630 1057 3686 estetcet'l'

62 3704 153 3760 8hoc
170 3703 287 3758 nuncT
367 3707 400 3757 12
419 3717 452 3758 eo
470 3719 520 3759 ora.
540 3701 574 3755 8¹
660 3707 693 3757 16
711 3699 771 3770 aliq
770 3717 838 3754 uam
855 3699 1081 3756 coniunctionem

61 3778 123 3845 (om.
143 3774 236 3842 est)b
320 3719 799 3841 1819hocqnoddicoss²¹1lll²
883 3771 1009 3828 eoiisb

62 3844 233 3902 socratenh*
306 3847 341 3898 25
360 3859 472 3925 conpos.
490 3859 551 3914 eqo:
559 3842 791 3924 propositionem
808 3841 914 3901 codices
971 3846 1006 3896 2⁷
1024 3842 1080 3897 hoc

62 3914 195 3988 ipsumb
267 3920 303 3970 30
321 3913 446 3983 consigu.
465 3929 526 3984 ορο·
543 3911 616 3982 sign
634 3914 738 3970 codices
