2386 4342
129 221 171 285 12
475 219 645 276 SECVNDA
663 218 789 274 EDITIO

126 365 215 431 tione
238 367 457 449 consentiant,
479 364 560 430 illud
584 386 724 449 quoque,
747 365 832 451 quod
856 366 950 431 stilus
973 365 1042 448 ipse
1065 388 1138 451 pro-

125 459 199 538 pter
220 455 414 520 brevitatem
433 454 575 538 pressior
592 454 633 518 ab
652 453 839 519 Aristotelis
858 454 1055 520 obscuritate
1073 477 1140 520 non

127 544 303 627 discrepat,
331 546 365 607 et
387 542 473 627 quod
496 541 804 626 Theophrastus,
832 543 925 608 utin
947 543 1021 608 aliis
1046 545 1139 627 solet,

127 653 200 696 cum
224 631 262 696 de
285 631 444 696 similibus
466 631 563 697 rebus
586 633 720 715 tractat,
748 653 831 716 quae
854 632 979 698 scilicet
1001 634 1042 698 ab
1067 634 1140 697 Ari·

91 721 245 784 11111111
273 724 349 785 ante
376 723 518 785 tractata
544 724 634 804 sunt,
665 720 702 784 in
723 721 809 787 libro
833 741 959 806 quoque
982 722 1021 786 de
1045 723 1140 786 adfir-

127 809 333 874 mationet
299 812 333 874 et
359 809 546 894 negatione,
572 809 675 874 isdem
703 809 863 893 aliquibus
891 810 998 874 verbis
1025 812 1137 892 utitur,

127 898 243 982 quibus
270 898 332 964 hoc
358 898 442 964 libro
466 898 660 963 Aristoteles
686 920 766 962 usus
793 902 853 962 est.
898 897 984 962 idem
1012 921 1138 983 quoque

128 987 420 1089 Theophrastus
448 987 505 1052 dat
490 988 661 1089 11181111
688 987 776 1052 hunc
800 1002 870 1051 esse
893 985 1141 1052 Aristotelisli-

126 1075 269 1140 brum:
259 1098 295 1139 m
318 1076 470 1140 omnibus
493 1077 588 1159 enim,
611 1076 657 1144 de
674 1075 823 1160 quibus
813 1098 882 1160 1pse
902 1075 1047 1160 disputat
1064 1081 1141 1160 post

75 1179 108 1228 10
127 1163 332 1248 magistrum,
353 1164 469 1228 leviter
491 1184 529 1228 ea
551 1165 660 1249 tangit
683 1185 766 1249 quae
788 1164 829 1229 ab
853 1165 1031 1229 Aristotele
1053 1166 1140 1230 dicta

128 1255 204 1317 ante
228 1253 395 1336 cognovit,
422 1251 503 1316 alias
526 1273 602 1318 vero
626 1251 814 1337 diligentius
835 1274 887 1316 res
910 1274 977 1317 non
999 1253 1041 1317 ab
1063 1254 1138 1318 Ari-

129 1341 245 1406 stotele
274 1344 433 1406 tractatas
463 1341 655 1424 exsequitur.
701 1341 755 1406 hic
783 1362 910 1425 quoquc
937 1341 1024 1405 idem
1051 1343 1135 1408 fecit

127 1450 205 1493 nam
232 1449 314 1513 quae
336 1429 531 1494 Aristoteles
558 1428 621 1494 hoc
647 1429 731 1494 libro
759 1429 799 1494 de
826 1430 1047 1496 enuntiatione
1074 1436 1136 1496 tra·

129 1518 242 1601 ctavit,
265 1518 380 1583 1111111
402 1519 444 1582 ab
467 1518 524 1582 illo
546 1522 735 1582 transcursa
758 1522 843 1602 sunt,
866 1540 1047 1603 quaerero
1071 1542 1139 1584 ma·

77 1620 109 1670 15
128 1607 229 1691 811111
252 1607 320 1672 eius
343 1607 455 1692 tacuit,
478 1607 548 1691 ipse
571 1606 738 1672 subtiliore
756 1607 853 1672 modo
872 1607 1136 1674 considerationis

129 1695 252 1762 adiecit.
298 1696 390 1761 addit
412 1717 539 1782 quoque
562 1695 647 1762 hanc
669 1717 813 1781 causam,
836 1696 989 1781 quoniam
1012 1697 1137 1762 Aristo·

127 1786 207 1848 teles
235 1785 363 1869 quidem
392 1785 431 1849 de
446 1784 659 1870 'syllogismis
689 1785 828 1850 scribere
856 1786 1018 1851 animatus
1044 1805 1131 1849 num

61 1951 66 1959 ⁸
130 1894 227 1956 quam
249 1874 282 1937 id
305 1877 392 1939 recte
415 1872 521 1937 facere
543 1875 712 1958 potuisset,
734 1874 799 1939 nisi
822 1875 980 1958 quaedam
1004 1874 1043 1938 de
1065 1896 1115 1957 prr

128 1961 347 2044 positionibus
385 1961 563 2026 adnotaret.
632 1961 712 2026 mihi
749 1983 876 2046 quoque
911 1963 1040 2028 ridetur
1076 1962 1095 2025 b

76 2065 110 2114 20
129 2049 291 2114 subtiliter
313 2049 586 2134 perpendentibus
608 2050 730 2133 liquere
752 2050 839 2114 hunc
860 2050 979 2115 librum
1002 2052 1043 2116 ad
1062 2075 1077 2116 1

128 2138 246 2222 lyticos
275 2160 345 2204 esse
372 2142 611 2223 praeparatum.
656 2160 733 2203 nam
756 2138 841 2204 sicut
862 2138 915 2203 hic
938 2138 976 2204 de
1000 2141 1060 2205 sim

127 2228 349 2312 propositione
372 2228 526 2312 disputat,
548 2229 595 2293 its
618 2249 744 2313 quoque
762 2229 797 2293 in
815 2227 987 2311 analyticis
1006 2228 1044 2293 de

128 2316 269 2398 plicibus
291 2320 421 2382 tantum
443 2317 629 2383 considerat
652 2317 861 2403 syllogismis,
884 2320 922 2381 ut
944 2318 1018 2402 ipsa
1041 2340 1062 2382 1

130 2403 309 2486 gismorum
331 2406 655 2489 propositionumque
678 2406 870 2489 simplicitas
896 2426 965 2469 non
987 2405 1030 2468 ad

77 2507 111 2556 11
129 2491 194 2555 nisi
221 2491 262 2555 ad
289 2492 460 2556 continens
488 2513 570 2574 opus
593 2492 780 2556 Aristotelis
802 2491 964 2574 pertinere
986 2491 1038 2555 rid

132 2601 230 2664 quare
256 2601 326 2644 non
352 2583 404 2645 est
431 2578 608 2644 audiendus
636 2579 894 2658 Andronicus,
926 2578 984 2660 qui
1010 2599 1028 2660 p

129 2669 317 2753 passionum
339 2689 459 2734 nomen
481 2667 568 2732 hunc
589 2667 709 2732 librum
728 2666 769 2731 ab
784 2665 971 2731 Aristotelis
991 2687 1029 2749 op

132 2761 272 2840 separat.
317 2755 512 2822 Aristoteles
536 2760 645 2821 autem
667 2754 786 2819 idcirco
809 2753 977 2838 passiones
1001 2777 1023 2819 a

23 2861 112 2924 pass
131 2846 317 2910 intellectus
340 2845 486 2928 vocabat,
508 2843 593 2929 quod
615 2844 806 2927 intellectus,
829 2864 911 2927 quos
930 2864 1006 2909 seru

78 2951 113 3001 30
132 2955 203 2999 cere
222 2937 255 2998 et
272 2935 419 2999 oratione
437 2933 584 3018 proferre
603 2933 837 3015 consuevimus,
861 2954 901 2996 ex
919 2933 989 3018 aliq·

132 3027 228 3108 atque
248 3023 390 3088 utilitate
408 3021 546 3106 profecti
565 3024 654 3085 sunt:
676 3023 714 3085 ut
732 3021 820 3086 enim
839 3021 973 3105 dispersi

131 3112 360 3196 colligerentur
383 3115 416 3176 et
437 3111 564 3196 legibus
587 3110 707 3175 1111111
730 3132 800 3177 1111
824 3110 958 3176 subiecti

131 3221 193 3284 que
216 3199 365 3283 condere,
388 3199 514 3265 utilitas
537 3199 694 3283 quaedam
717 3199 780 3265 fuit
802 3203 836 3264 et
857 3221 957 3265 causa

201 3344 217 3391 3
237 3341 267 3392 et
284 3339 316 3393 b:
334 3337 382 3392 uel
400 3339 503 3394 codices
576 3345 608 3394 15
628 3339 756 3394 subtilior
774 3339 807 3394 S¹
880 3344 914 3393 16
933 3353 947 3391 1

132 3414 165 3463 17
181 3425 235 3478 pro
255 3409 388 3465 scribere:
409 3411 452 3464 est
470 3409 493 3463 T
567 3416 599 3465 19
618 3411 673 3465 hoc
690 3411 801 3466 uidetur
820 3411 842 3465 F
917 3414 936 3462 2*

131 3485 165 3534 29
183 3480 298 3535 uocauit
315 3481 337 3534 Ε
