2386 4342
136 219 179 282 52
287 284 293 295 ,
484 215 655 273 suevum
673 201 861 273 sumo·

133 367 278 448 tempore
302 363 432 445 utimur,
455 365 492 427 ut
515 362 683 427 indefinite
701 361 859 427 dieamus:
883 364 919 426 ut
938 361 966 426 si
989 360 1046 446 qui
1065 360 1153 426 dicet

130 456 190 518 est
217 452 481 534 hircocervus,
511 451 588 516 fuit
619 450 884 534 hircocervus,
917 449 994 515 erit
1022 449 1152 515 hirco·

129 562 282 623 cervus,
309 541 372 605 hoc
394 539 561 605 indefinite
588 544 621 604 et
645 539 835 622 simpliciter
857 539 978 605 dictum
1001 541 1061 603 est.
1098 539 1152 604 sin

131 651 208 695 vero
233 629 351 712 aliquis
376 628 474 693 eddet
495 650 597 694 nunc
620 632 679 693 est
707 630 760 694 vel
781 628 870 693 heri
891 628 967 694 fuit
989 628 1041 691 vel
1063 648 1154 692 cres

97 734 113 784 5
134 718 225 801 erit,
250 717 291 783 ed
309 717 371 783 hoc
394 717 501 801 ipsum
524 738 611 787 esse
634 716 721 802 quod
744 717 934 802 simpliciter
956 715 1075 782 dicitur
1098 715 1154 781 ed·

131 807 180 871 dit
207 810 344 891 tempus.
381 828 480 891 quare
510 805 686 872 secundum
715 827 816 871 unum
838 807 938 870 trium
960 805 1078 871 henim
1101 826 1154 871 ex·

130 895 331 980 positionum
362 894 615 981 intellegendum
647 897 698 960 est
730 895 816 980 quod
845 894 906 959 eit:
936 895 1067 959 sinon
1092 894 1155 959 vel

130 1007 215 1050 esse
242 985 304 1050 vel
326 1006 402 1051 non
429 1006 514 1050 esse
538 984 715 1068 addatur,
744 984 805 1049 vel
828 983 1071 1067 simpliciter
1094 982 1155 1048 vel

131 1074 339 1138 secundum
353 1076 514 1156 tempus.
541 1074 598 1138 sed
609 1073 639 1137 ei
649 1071 734 1156 quod
744 1075 819 1137 ente
833 1072 1011 1156 proposuit,
1027 1093 1155 1156 quem·

79 1177 112 1226 10
132 1161 332 1226 admodum
362 1164 450 1225 esset
485 1160 724 1245 aliquotiens
759 1161 911 1244 quidem
946 1161 986 1225 in
1023 1160 1156 1226 enims

133 1248 362 1313 intellectus
387 1249 470 1313 sine
493 1270 583 1314 vero
606 1248 666 1313 vel
689 1248 807 1332 falso,
830 1253 905 1333 post
928 1248 1021 1335 quusi
1040 1271 1156 1315 conse·

25 1354 114 1419 pecs
133 1358 236 1421 quens
263 1341 268 1415 Ι
291 1335 431 1402 reddidit
462 1337 597 1402 nomine
628 1339 700 1420 ipse
731 1358 788 1420 per
821 1359 855 1403 se
888 1339 1049 1422 verbaque
1083 1359 1154 1404 esse

134 1424 334 1508 simplicibus
370 1425 587 1491 intellectibus
626 1426 823 1504 consimilia,
865 1430 905 1492 ut
941 1427 1053 1492 homo
1093 1427 1155 1492 vel

133 1514 274 1597 elbum,
312 1514 341 1578 ei
372 1536 449 1580 vcro
483 1515 569 1599 quod
611 1515 659 1580 eit
701 1515 762 1581 cui
793 1515 868 1581 iam
899 1536 1060 1581 necesse
1093 1520 1154 1582 est

82 1620 114 1669 15
132 1603 265 1668 horum
294 1604 458 1668 altorum
490 1603 622 1668 inesse
654 1603 737 1670 nihil
764 1604 895 1670 interim
918 1604 1067 1688 reddidit,
1097 1604 1155 1670 sed

132 1693 194 1758 hoc
216 1714 254 1758 eo
278 1693 479 1778 supplevisse
497 1693 675 1778 putabitur,
698 1693 783 1778 quod
808 1694 869 1759 ait:
893 1692 957 1757 sed
980 1693 1156 1760 nondum

132 1805 261 1848 verum
290 1782 349 1846 vel
377 1782 519 1847 falsum
547 1786 604 1865 est,
635 1783 668 1846 si
694 1804 772 1847 non
795 1782 855 1847 vol
879 1803 969 1847 esse
993 1783 1054 1847 vel
1076 1804 1155 1849 non

135 1891 218 1934 esse
247 1868 416 1934 addetur.
455 1869 536 1934 haec
564 1874 615 1935 cst
638 1871 725 1936 enim
748 1871 971 1936 intellectuum
994 1871 1157 1955 quaedem

136 1957 328 2039 conpositio,
351 1957 403 2021 cui
426 1956 492 2021 ium
514 1978 645 2022 necesse
668 1962 718 2023 est
738 1959 856 2025 horum
880 1961 1017 2025 ultorum
1033 1959 1152 2045 inesse,

82 2063 116 2113 eo
135 2066 199 2128 que
227 2045 262 2108 in
290 2045 445 2110 oratione·
467 2045 519 2109 vel
548 2067 617 2110 esse
639 2047 691 2110 vel
713 2066 779 2110 non
803 2068 873 2112 esse
897 2047 1035 2112 edditur.
1073 2070 1153 2133 quo·

136 2133 219 2200 circa
238 2134 393 2220 quoniam
412 2133 599 2200 denomino
618 2135 780 2219 verboque
802 2136 973 2219 proposuit
996 2141 1029 2201 et
1052 2158 1153 2221 quem

134 2225 241 2307 potuit
264 2224 406 2289 breviter
425 2245 548 2306 vocum,
572 2224 762 2307 litterarum,
785 2224 1009 2291 intellectuum
1031 2246 1157 2291 rerum·

136 2333 198 2396 que
221 2313 468 2397 consequentias
493 2313 652 2378 altissime
674 2313 802 2378 ratione
825 2312 1029 2395 monstravit,
1053 2313 1095 2379 ed
1118 2312 1154 2381 id

136 2398 222 2482 quod
239 2401 344 2482 primo
363 2401 533 2484 proposuit
555 2401 679 2467 dicens:
701 2403 864 2484 primum
888 2405 1046 2486 oportet
1065 2424 1157 2471 con·

84 2503 117 2552 25
138 2486 316 2570 stituere,
345 2488 434 2571 quid
462 2509 601 2553 nomen
629 2493 668 2553 et
691 2490 781 2572 quid
804 2491 974 2574 verbum,
998 2490 1037 2554 ed
1062 2490 1155 2579 hece,

137 2575 280 2660 inquam,
295 2597 376 2660 quae
390 2575 584 2658 promiserat
598 2575 731 2642 definire
740 2578 924 2644 revertitur.
938 2599 1058 2644 nomen
1069 2580 1158 2667 enim

138 2663 295 2728 definiens
318 2665 365 2728 ite
389 2663 543 2730 subiecit:
1142 2698 1146 2705 ·

161 2786 166 2792 ·
228 2749 263 2816 2.
286 2750 432 2818 Nomen
451 2773 541 2838 ergo
561 2758 620 2818 est
638 2775 709 2819 vox
727 2753 1000 2839 significative
1019 2776 1157 2823 secun·
1172 2776 1182 2803 ’-

138 2838 225 2904 dum
254 2841 442 2923 placitum
470 2841 553 2906 sine
581 2844 904 2926 tempore,·cuius
926 2843 1037 2909 nulle
1059 2866 1189 2931 pers:

84 2946 119 2994 eo
138 2931 196 2993 est
220 2928 493 3014 significative
516 2935 705 3014 seperate.
1181 2931 1184 2958 ²

211 3050 378 3121 lquisFE
461 3051 657 3109 tedom.S¹
738 3053 960 3109 messem?
1035 3052 1169 3115 lecum?

137 3123 333 3191 rudusculum
353 3124 397 3190 19)
477 3126 592 3177 15-17
611 3122 733 3178 reddidit
747 3154 780 3162 —
794 3141 891 3179 uerum
910 3125 942 3179 iu
960 3140 1046 3196 mura.
1067 3124 1121 3185 8²?
1162 3137 1175 3183 z

140 3197 172 3245 17
192 3192 239 3246 uel
258 3208 317 3247 esse
337 3190 374 3245 T:
393 3207 454 3246 esse
472 3194 554 3247 ceteri
620 3199 655 3249 20
674 3194 795 3249 addetur
812 3195 844 3263 E,
864 3210 933 3250 corr.
952 3193 990 3248 E’
1043 3196 1138 3255 2211·
1157 3237 1171 3266 ·.

137 3261 513 3332 vocumltlposuithl¹
568 3263 756 3333 primosus
809 3265 1169 3334 nequissem·

139 3333 499 3388 censiomsrnuu
573 3336 776 3405 ostergoffl
853 3338 1106 3406 erumpere·

138 3407 200 3457 tum
218 3403 275 3528 Σῗ
303 3403 371 3529 (dig.
390 3406 440 3460 del.
460 3404 508 3474 2²)
622 3412 664 3463 30.
683 3409 764 3464 cerba
782 3407 833 3463 Ar.
852 3409 997 3463 conuocat
1013 3424 1112 3480 usqu.
1147 3423 1152 3478 j

139 3490 226 3541 equus
256 3491 317 3529 erus
872 3483 879 3498 ⁸
1115 3510 1136 3529 ,ν
