2386 4342
123 209 166 279 24
469 206 639 262 SECVNDA
656 206 782 262 EDITIO

122 351 364 439 pronuntiant),
396 353 452 436 qui
475 372 551 416 vero
580 352 674 417 discit
697 351 747 416 vel
772 352 825 433 qui
849 351 940 416 audit
963 350 1014 416 rel
1038 350 1138 417 etiam

124 445 178 526 qui
209 441 384 526 respondet
405 462 435 505 -a
465 441 652 505 nominibus
685 439 727 505 ad
758 441 940 505 intellectus
971 441 1137 525 progressi

124 532 165 597 ad
187 553 239 596 res
263 550 364 613 usque
387 528 589 612 perveniunt
621 529 782 612 accipiens
805 529 943 594 animis
967 529 1022 613 qui
1041 527 1140 595 discit

124 621 177 684 vel
205 619 259 703 qui
288 617 378 682 audit
406 618 458 684 vel
481 618 537 702 qui
559 617 735 702 respondet
757 617 903 683 docentis
927 617 977 682 vel
1001 616 1139 684 dicentis

91 708 177 773 5vel
200 707 432 792 interrogantis
456 727 648 786 sermonem,
671 705 749 792 quid
767 706 987 790 unusquisque
1005 706 1138 771 illorum

126 797 212 861 dicat
234 795 395 882 intellegit
417 799 451 860 et
472 796 664 880 intellegens
686 816 795 860 rerum
818 816 946 879 quoque
969 795 1140 862 scientiam

126 885 214 969 capit
228 889 261 950 et
275 885 310 949 in
324 906 363 950 ea
380 884 537 951 consistit.
565 888 651 950 recte
669 884 771 970 igitur
789 883 911 949 dictum
931 887 981 949 est
998 883 1033 947 in
1051 904 1142 967 voce,

125 974 290 1039 intellectu
304 977 401 1059 atque
415 996 451 1039 re
471 976 630 1039 contrarie
650 994 720 1038 sese
738 973 928 1037 heberaeos
943 973 999 1057 qui
1013 972 1141 1057 docent,

126 1062 246 1145 dicunt,
259 1063 463 1146 interrogant
477 1065 574 1145 atque
589 1083 644 1127 eos
660 1062 715 1147 qui
731 1061 869 1144 discunt,
892 1060 1030 1126 audiunt
1044 1064 1078 1125 et
1090 1083 1141 1126 re·

75 1167 107 1216 10
128 1149 299 1234 spondent.
330 1169 403 1213 cum
417 1149 518 1232 igitur
530 1150 611 1213 haec
626 1150 693 1214 sint
706 1153 869 1234 quattuor,
883 1149 1020 1232 litterae,
1034 1171 1142 1233 voces,

127 1237 321 1320 intellectus,
338 1257 399 1320 res,
421 1237 566 1320 proxime
586 1237 714 1321 quidem
734 1241 766 1302 et
778 1237 998 1322 principaliter
1011 1238 1144 1304 litterae

128 1324 430 1408 verbanominaque
441 1324 635 1409 significant.
656 1324 737 1391 haec
748 1346 823 1392 vero
838 1326 1059 1410 principaliter
1072 1327 1143 1412 qui·

129 1414 202 1478 dem
216 1413 410 1497 intellectus,
424 1413 562 1478 secundo
579 1435 654 1478 vero
668 1415 740 1481 loco
754 1435 805 1479 res
820 1436 946 1499 quoque
961 1415 1145 1500 designant

130 1502 317 1585 intellectus¹
336 1522 412 1567 vero
431 1502 495 1585 ipsi
516 1501 600 1566 nihil
618 1503 705 1568 aliud
722 1503 786 1568 nisi
805 1525 911 1568 rerum
930 1503 1143 1588 significativi

78 1606 110 1657 15
131 1594 215 1656 sunt.
239 1590 438 1675 antiquiores
448 1611 524 1655 uero
540 1613 676 1675 quorum
691 1590 1147 1677 estPlato,Aristotcles,

132 1678 385 1764 SpeusippuS,
423 1678 667 1745 Xenocrates
702 1681 737 1745 hi
764 1680 849 1745 inter
876 1702 928 1746 res
956 1685 990 1746 et
1018 1681 1142 1766 signifi-

131 1769 274 1834 cationes
301 1769 524 1834 intellectuum
552 1769 674 1834 medios
699 1790 811 1835 sensus
834 1772 960 1853 ponunt
982 1769 1017 1834 in
1041 1771 1142 1835 sensi-

129 1856 251 1920 bilibus
279 1856 375 1920 rcbus
403 1858 454 1921 vel
482 1857 731 1942 imaginationes
759 1858 928 1944 quasdam,
959 1859 995 1923 in
1022 1858 1143 1942 quibus

131 1943 315 2008 intellectus
347 1944 449 2027 ipsius
482 1945 574 2030 origo
606 1947 770 2011 consistat
822 1951 855 2011 et
889 1968 975 2013 nunc
1012 1946 1145 2031 quidem

79 2048 113 2098 20
132 2031 210 2116 quid
238 2032 277 2097 de
303 2032 365 2096 hac
392 2053 427 2096 re
456 2030 578 2098 Stoici
605 2034 715 2098 dicant
735 2035 1060 2119 praetermittendum
1083 2040 1145 2103 est.

132 2119 194 2186 hoc
223 2124 331 2186 autem
359 2141 398 2185 ex
428 2119 479 2186 his
508 2121 656 2187 omnibus
687 2123 793 2188 solum
823 2125 975 2208 cognosci
1006 2127 1144 2210 oportet,

131 2211 217 2296 quod
245 2232 284 2276 ea
310 2232 393 2295 quac
422 2214 499 2276 sunt
525 2210 560 2275 in
582 2210 701 2276 litteris
724 2233 796 2277 eam
820 2211 1005 2297 significent
1027 2214 1147 2279 oratio·

131 2319 207 2362 nem
231 2320 313 2381 quae
335 2300 370 2363 in
392 2320 479 2377 voce,
493 2300 642 2366 consistit
665 2303 699 2365 et
721 2323 760 2366 ea
782 2322 863 2387 quae
887 2305 937 2366 est
959 2301 1048 2366 vocis
1072 2322 1136 2367 ora

132 2385 181 2448 tio
209 2386 295 2469 quod
323 2385 423 2450 animi
450 2390 548 2472 atque
574 2389 758 2454 intellectus
782 2389 963 2456 orationem
987 2389 1115 2474 designc

81 2489 115 2538 25
134 2493 216 2557 quae
240 2473 341 2537 tacita
364 2473 562 2558 cogitatione
586 2475 763 2558 conficitur,
786 2480 819 2541 et
842 2476 929 2559 quod
952 2474 1033 2541 haec
1050 2477 1095 2540 int

134 2561 238 2625 lectus
263 2561 367 2625 oratio
392 2561 553 2626 subiectas
575 2562 798 2646 principaliter
820 2584 872 2627 res
897 2562 959 2627 sibi
983 2561 1085 2645 ocum}

136 2669 173 2714 ac
197 2648 354 2732 designet.
386 2670 424 2713 ex
449 2649 564 2734 quibus
588 2653 742 2735 quattuor
765 2650 844 2715 duas
868 2648 996 2736 quidem
1019 2649 1085 2714 Arii

135 2737 217 2801 teies
242 2757 311 2801 esse
335 2738 525 2802 naturaliter
547 2738 635 2823 dicit,
657 2759 709 2803 res
733 2741 767 2803 et
790 2739 890 2804 animi
908 2739 1080 2823 conceptio·

136 2825 169 2889 id
193 2828 243 2888 est
266 2847 337 2890 eam
360 2847 443 2910 quae
465 2827 503 2890 fit
525 2826 561 2890 in
578 2827 796 2894 intellectibus
816 2829 1003 2912 orationem,
1026 2827 1057 2894 id

82 2913 222 2998 acquod
254 2913 340 2998 apud
370 2936 483 2981 omnes
513 2915 643 2980 eaedem
682 2920 778 3001 atque
817 2917 1025 2983 inmutabiles

208 3112 223 3159 6
243 3109 273 3160 et
290 3122 340 3160 ora.
361 3105 393 3160 S¹
451 3111 484 3158 12
503 3106 590 3161 uerba
609 3110 639 3162 et
656 3107 770 3163 uomina
789 3108 862 3178 S’F,
882 3110 995 3166 nomina

136 3177 179 3242 (ia
196 3178 261 3244 roa.)
280 3176 303 3229 Ε
377 3183 491 3231 12-13
510 3178 579 3232 haee
594 3179 791 3250 -designant
808 3181 841 3234 ia
858 3198 943 3253 morp.
962 3180 986 3235 c

137 3245 369 3316 gnificaticnesF
448 3253 482 3302 16
498 3248 641 3318 slusippus
661 3250 692 3317 S,
720 3250 779 3304 siue
797 3252 911 3321 usippus
931 3250 988 3307 S'F

136 3333 210 3370 nunc
228 3332 278 3375 om.
299 3317 374 3372 SFT
447 3323 481 3372 20
500 3318 597 3374 dicunt
616 3319 661 3374 Sl*
733 3327 767 3375 23
786 3325 815 3377 et
833 3324 908 3391 quod
928 3321 974 3376 8²⁷

137 3402 186 3443 om.
208 3386 241 3440 S¹
290 3388 366 3443 uocis
385 3388 468 3442 estF
540 3396 575 3447 24
593 3392 667 3460 quod
685 3392 735 3446 del.
757 3392 798 3462 8²,
816 3409 865 3448 one.
885 3392 935 3447 PE

135 3457 225 3513 lectus
244 3457 277 3511 S¹
