2386 4342
515 623 570 679 Ic.
592 629 615 677 1.
1027 629 1070 694 29

55 767 178 850 ginatio
197 767 357 853 quaedam
376 767 501 851 primae
520 766 643 852 figurae
663 771 748 853 sunt,
767 791 865 852 supra
884 793 964 856 quas
982 774 1071 839 velut

54 854 264 921 fundamento
279 856 420 942 quodam
441 857 672 940 superveniens
691 857 919 942 intellegentia
936 860 1070 928 nitatur.

56 966 133 1010 nam
161 946 245 1010 sicut
271 946 413 1029 pictores
442 945 551 1010 solent
577 944 747 1030 designare
777 946 924 1014 lineatim
954 970 1071 1033 corpus

55 1037 151 1117 atque
179 1034 383 1099 substernere
411 1033 469 1098 ubi
498 1033 659 1099 coloribus
686 1035 860 1101 cuiuslibet
886 1038 1070 1122 exprimant

55 1122 193 1205 vultum,
227 1124 273 1188 sic
305 1145 419 1188 sensus
453 1125 550 1206 atque
582 1122 776 1207 imaginatio
808 1126 1001 1191 naturaliter
1032 1127 1105 1192 ins

54 1211 181 1275 animae
203 1212 412 1296 perceptione
437 1209 666 1275 substernitur.
697 1232 775 1274 nam
793 1233 867 1276 cum
884 1236 937 1279 res
961 1215 1069 1299 aliqua

54 1299 114 1363 sub
147 1321 278 1364 sensum
311 1300 363 1364 vel
395 1299 456 1364 sub
490 1297 729 1381 cogitationem
755 1297 855 1380 cadit,
886 1301 976 1384 prius
1001 1304 1069 1368 eius

54 1387 213 1470 quaedam
239 1407 373 1452 necesse
400 1387 451 1449 est
477 1383 670 1466 imaginatio
697 1388 864 1463 nascatur,
895 1391 970 1470 post
992 1409 1069 1454 vero

54 1476 181 1558 plenior
208 1473 416 1556 superveniat
443 1470 627 1535 intellectus
656 1475 788 1536 cunctas
812 1472 879 1537 eius
904 1475 1069 1558 explicans

57 1564 167 1644 partes
181 1581 264 1644 quae
283 1559 417 1625 confusa
432 1559 563 1624 fuerant
582 1559 814 1643 imaginatione
832 1568 1069 1647 praesumptae.
1090 1579 1124 1628 10

56 1649 207 1732 quocirca
229 1648 442 1732 inperfectum
466 1647 618 1733 quiddam
643 1651 693 1712 est
710 1649 914 1736 imaginatio,
936 1653 1070 1719 nomina

56 1759 134 1802 vero
158 1741 190 1802 et
213 1738 312 1803 verba
334 1759 402 1802 non
424 1741 518 1801 curta
541 1736 708 1821 quaedam,
732 1739 788 1802 sed
806 1741 950 1823 perfecta
969 1742 1069 1827 signi·

54 1826 161 1891 ficant.
207 1848 306 1910 quare
329 1829 419 1891 recta
440 1825 675 1890 Aristotelis
699 1828 864 1893 sententia
886 1834 949 1894 est:
973 1852 1069 1914 quae·

54 1936 190 1999 cumque
217 1916 253 1979 in
280 1913 387 1979 verbis
414 1913 666 1998 nominibusque
689 1918 872 2000 versantur,
903 1940 944 1983 ea
965 1940 1069 2003 neque

56 2024 168 2068 sensus
191 2024 295 2086 neque
318 2002 585 2087 imaginationes,
609 2003 665 2066 sed
687 2003 793 2067 solam
816 2005 998 2090 siguificare
1020 2008 1070 2071 in-
1090 2020 1124 2071 15

52 2092 239 2157 tellectuum
262 2091 459 2177 qualitatem.
490 2088 576 2154 unde
598 2090 678 2155 illud
702 2110 829 2175 quoque
853 2093 1070 2159 abAristo·

55 2180 132 2244 tele
160 2179 295 2244 fluentes
318 2177 576 2262 Peripatetici
599 2178 779 2243 rectissime
800 2184 982 2264 posuerunt
1004 2185 1070 2247 tres

57 2290 128 2333 esse
152 2268 325 2349 orationes,
348 2288 448 2330 unam
471 2288 552 2351 quae
576 2267 673 2332 scribi
696 2267 801 2350 possit
824 2269 1001 2354 elementis,
1024 2271 1070 2334 el-

57 2360 162 2420 teram
194 2377 275 2440 quae
307 2376 385 2419 voce
415 2355 568 2439 proferri,
600 2355 732 2419 tertiam
759 2378 840 2441 quae
870 2359 1070 2444 cogitatione

57 2446 183 2510 conecti
206 2465 366 2529 unamque
389 2445 624 2528 intellectibus,
653 2445 789 2509 alteram
816 2467 917 2530 voce,
939 2447 1070 2512 tertiam
1090 2462 1125 2512 20

55 2534 174 2598 litteris
202 2534 368 2599 contineri.
414 2533 566 2618 quocirca
596 2533 750 2618 quoniam
777 2534 810 2597 id
839 2533 927 2616 quod
949 2536 1070 2619 signifi·

57 2625 185 2687 caretur
208 2644 228 2685 a
249 2622 383 2686 vocibus
405 2621 592 2684 intellectus
616 2641 686 2685 esse
709 2619 952 2684 Aristoteles
979 2626 1071 2704 puta-

57 2711 124 2791 bat,
145 2709 280 2774 nomina
303 2729 379 2772 vero
403 2710 436 2770 et
458 2706 558 2771 verba
580 2707 797 2790 significativa
820 2728 889 2772 esse
907 2709 943 2772 in
961 2729 1072 2773 eorum

58 2801 129 2862 erat
152 2796 394 2861 definitionibus
421 2795 603 2879 positurus,
631 2798 717 2859 recte
741 2817 877 2879 quorum
901 2802 1009 2863 essent
1032 2799 1072 2863 si·

57 2886 245 2972 gnificativa
267 2884 428 2969 praedixit
455 2903 660 2968 erroremque
682 2884 812 2949 lectoris
837 2906 876 2949 ex
898 2886 1125 2970 multiplicius

57 2978 203 3040 veterum
225 2975 281 3039 lite
303 2975 487 3039 venientem
511 2973 688 3037 sententiae
713 2995 789 3038 suae
807 2973 1072 3039 manifestatione

58 3064 257 3147 conpescuit.
280 3067 378 3147 atque
399 3062 463 3127 hoc
487 3061 583 3126 modo
606 3061 688 3126 nihil
710 3061 744 3126 in
762 3084 800 3127 eo
821 3062 1071 3147 deprehenditur

61 3174 131 3216 esse
164 3152 375 3235 superfluum,
406 3151 489 3216 nihil
521 3151 563 3214 ab
597 3149 719 3216 ordinis
752 3151 994 3216 continuatione
1023 3172 1083 3220 ser

59 3238 212 3304 iunctum.
257 3241 385 3325 quaerit
408 3260 483 3304 vero
507 3238 763 3322 Porphyrius,
792 3261 848 3302 cur
870 3239 918 3304 ita
941 3239 1070 3303 dixerit:

59 3329 150 3391 sunt
172 3347 262 3410 ergo
286 3349 328 3393 ea
351 3350 447 3412 quae
471 3328 621 3392 suntin
644 3347 749 3408 voce,
773 3329 806 3389 et
826 3348 894 3392 non
913 3328 971 3392 sic:
996 3330 1072 3390 sunt
1091 3342 1125 3391 30

132 3516 193 3571 3si
211 3515 286 3584 quod
306 3514 379 3569 S¹E¹
452 3520 534 3574 loli.
554 3518 606 3574 sub
625 3516 716 3573 cml
781 3516 856 3572 enim
875 3518 940 3585 (pro
959 3515 1070 3583 eius)E

61 3596 95 3645 10
115 3587 229 3643 confuse
248 3586 279 3639 b:
300 3586 430 3642 confusae
449 3589 503 3657 ΒΡ,
523 3588 639 3644 contusa
657 3586 708 3641 ΤΕ
772 3586 802 3641 in
819 3587 867 3641 im.
887 3586 928 3654 δ’,
946 3585 977 3639 in
994 3603 1072 3655 yma-

59 3657 274 3731 ginationemF
346 3660 566 3728 praesumptaT
640 3664 674 3713 15
692 3656 904 3726 imaginationis
924 3656 1030 3711 SFE¹2

62 3738 95 3786 18
116 3731 154 3784 sit
172 3733 238 3798 (pro
256 3726 356 3797 possit)
377 3726 409 3779 S¹
484 3736 518 3785 19
537 3729 739 3800 cogitationem
759 3727 833 3782 SPE
911 3733 945 3782 20
965 3728 1074 3783 conecti

60 3819 120 3874 eqo:
140 3798 263 3857 conectit
281 3798 395 3862 coelicae,
413 3800 624 3856 connectiturb
697 3803 730 3853 21
749 3799 840 3854 teneri
859 3799 890 3867 F,
910 3814 979 3853 corr.
996 3797 1033 3851 ΙΜ

60 3868 297 3929 atesseom.T¹
370 3871 404 3920 28
431 3868 508 3923 ad'l'
565 3881 568 3886 ·
