<?xml version="1.0" encoding="UTF-8"?>
<!DOCTYPE html PUBLIC "-//W3C//DTD XHTML 1.0 Transitional//EN"
    "http://www.w3.org/TR/xhtml1/DTD/xhtml1-transitional.dtd">
<html xmlns="http://www.w3.org/1999/xhtml" xml:lang="en" lang="en">
 <head>
  <title>
</title>
<meta http-equiv="Content-Type" content="text/html;charset=utf-8" />
  <meta name='ocr-system' content='tesseract 3.04.00' />
  <meta name='ocr-capabilities' content='ocr_page ocr_carea ocr_par ocr_line ocrx_word'/>
</head>
<body>
  <div class='ocr_page' id='page_1' title='image "aniciimanliisev01boetgoog_0032.png"; bbox 0 0 2386 4342; ppageno 0'>
   <div class='ocr_carea' id='block_1_1' title="bbox 471 171 786 228">
    <p class='ocr_par' dir='ltr' id='par_1_1' title="bbox 471 171 786 228">
     <span class='ocr_line' id='line_1_1' title="bbox 471 171 786 228; baseline 0 -1"><span class='ocrx_word' id='word_1_1' title='bbox 471 171 643 228; x_wconf 80' lang='lat' dir='ltr'>SECVNDA</span> <span class='ocrx_word' id='word_1_2' title='bbox 660 171 786 227; x_wconf 84' lang='lat' dir='ltr'><strong>EDITIO</strong></span> 
     </span>
    </p>
   </div>
   <div class='ocr_carea' id='block_1_2' title="bbox 74 317 886 3150">
    <p class='ocr_par' dir='ltr' id='par_1_2' title="bbox 74 317 886 3150">
     <span class='ocr_line' id='line_1_2' title="bbox 176 317 886 401; baseline -0.007 -17"><span class='ocrx_word' id='word_1_3' title='bbox 176 342 212 384; x_wconf 88' lang='lat' dir='ltr'><strong>us</strong></span> <span class='ocrx_word' id='word_1_4' title='bbox 241 324 291 384; x_wconf 88' lang='lat' dir='ltr'><strong>est</strong></span> <span class='ocrx_word' id='word_1_5' title='bbox 318 340 391 384; x_wconf 92' lang='lat' dir='ltr'><strong>cum</strong></span> <span class='ocrx_word' id='word_1_6' title='bbox 414 339 452 383; x_wconf 90' lang='lat' dir='ltr'><strong>eo</strong></span> <span class='ocrx_word' id='word_1_7' title='bbox 477 317 561 401; x_wconf 88' lang='lat' dir='ltr'><strong>quod</strong></span> <span class='ocrx_word' id='word_1_8' title='bbox 584 317 746 401; x_wconf 79' lang='lat' dir='ltr'><strong>posterius</strong></span> <span class='ocrx_word' id='word_1_9' title='bbox 770 322 819 382; x_wconf 88' lang='lat' dir='ltr'><strong>est</strong></span> <span class='ocrx_word' id='word_1_10' title='bbox 843 319 886 383; x_wconf 89' lang='lat' dir='ltr'><strong>sul</strong></span> 
     </span>
     <span class='ocr_line' id='line_1_3' title="bbox 165 406 886 491; baseline -0.006 -17"><span class='ocrx_word' id='word_1_11' title='bbox 165 430 193 474; x_wconf 76' lang='lat' dir='ltr'><strong>se</strong></span> <span class='ocrx_word' id='word_1_12' title='bbox 220 430 288 473; x_wconf 90' lang='lat' dir='ltr'><strong>non</strong></span> <span class='ocrx_word' id='word_1_13' title='bbox 315 410 438 491; x_wconf 86' lang='lat' dir='ltr'><strong>potest,</strong></span> <span class='ocrx_word' id='word_1_14' title='bbox 469 427 530 470; x_wconf 90' lang='lat' dir='ltr'><strong>nec</strong></span> <span class='ocrx_word' id='word_1_15' title='bbox 557 406 670 490; x_wconf 89' lang='lat' dir='ltr'><strong>primis</strong></span> <span class='ocrx_word' id='word_1_16' title='bbox 700 406 886 471; x_wconf 69' lang='lat' dir='ltr'><strong>substantiis</strong></span> 
     </span>
     <span class='ocr_line' id='line_1_4' title="bbox 162 494 877 581; baseline -0.006 -19"><span class='ocrx_word' id='word_1_17' title='bbox 162 517 293 562; x_wconf 87' lang='lat' dir='ltr'><strong>mmune</strong></span> <span class='ocrx_word' id='word_1_18' title='bbox 317 515 418 581; x_wconf 83' lang='lat' dir='ltr'><strong>genus</strong></span> <span class='ocrx_word' id='word_1_19' title='bbox 441 494 562 578; x_wconf 90' lang='lat' dir='ltr'><strong>poterit</strong></span> <span class='ocrx_word' id='word_1_20' title='bbox 584 516 654 559; x_wconf 84' lang='lat' dir='ltr'><strong>esse</strong></span> <span class='ocrx_word' id='word_1_21' title='bbox 679 494 877 578; x_wconf 80' lang='lat' dir='ltr'><strong>substantia3</strong></span> 
     </span>
     <span class='ocr_line' id='line_1_5' title="bbox 151 583 854 650; baseline -0.001 -2"><span class='ocrx_word' id='word_1_22' title='bbox 151 590 168 650; x_wconf 22' lang='lat' dir='ltr'><strong>&gt;t</strong></span> <span class='ocrx_word' id='word_1_23' title='bbox 202 607 222 649; x_wconf 89' lang='lat' dir='ltr'><strong>a</strong></span> <span class='ocrx_word' id='word_1_24' title='bbox 253 588 341 650; x_wconf 89' lang='lat' dir='ltr'><strong>recto</strong></span> <span class='ocrx_word' id='word_1_25' title='bbox 375 584 486 649; x_wconf 85' lang='lat' dir='ltr'><strong>ordine</strong></span> <span class='ocrx_word' id='word_1_26' title='bbox 519 583 656 648; x_wconf 90' lang='lat' dir='ltr'><strong>rationis</strong></span> <span class='ocrx_word' id='word_1_27' title='bbox 685 583 854 648; x_wconf 86' lang='lat' dir='ltr'><strong>exorbitat.</strong></span> 
     </span>
     <span class='ocr_line' id='line_1_6' title="bbox 144 672 886 757; baseline -0.004 -19"><span class='ocrx_word' id='word_1_28' title='bbox 144 673 256 739; x_wconf 83' lang='lat' dir='ltr'><strong>rodum</strong></span> <span class='ocrx_word' id='word_1_29' title='bbox 285 694 479 757; x_wconf 89' lang='lat' dir='ltr'><strong>quamquam</strong></span> <span class='ocrx_word' id='word_1_30' title='bbox 508 672 574 736; x_wconf 89' lang='lat' dir='ltr'><strong>sint</strong></span> <span class='ocrx_word' id='word_1_31' title='bbox 601 674 724 754; x_wconf 90' lang='lat' dir='ltr'><strong>primae</strong></span> <span class='ocrx_word' id='word_1_32' title='bbox 752 676 784 736; x_wconf 89' lang='lat' dir='ltr'><strong>et</strong></span> <span class='ocrx_word' id='word_1_33' title='bbox 808 694 886 736; x_wconf 86' lang='lat' dir='ltr'><strong>secu:</strong></span> 
     </span>
     <span class='ocr_line' id='line_1_7' title="bbox 137 761 886 847; baseline -0.004 -19"><span class='ocrx_word' id='word_1_34' title='bbox 137 764 203 847; x_wconf 84' lang='lat' dir='ltr'><strong>iae,</strong></span> <span class='ocrx_word' id='word_1_35' title='bbox 229 765 341 826; x_wconf 89' lang='lat' dir='ltr'><strong>tamen</strong></span> <span class='ocrx_word' id='word_1_36' title='bbox 373 765 509 845; x_wconf 88' lang='lat' dir='ltr'><strong>utraque</strong></span> <span class='ocrx_word' id='word_1_37' title='bbox 542 761 718 844; x_wconf 87' lang='lat' dir='ltr'><strong>aequaliter</strong></span> <span class='ocrx_word' id='word_1_38' title='bbox 741 761 775 824; x_wconf 91' lang='lat' dir='ltr'><strong>in</strong></span> <span class='ocrx_word' id='word_1_39' title='bbox 800 762 886 825; x_wconf 85' lang='lat' dir='ltr'><strong>subie</strong></span> 
     </span>
     <span class='ocr_line' id='line_1_8' title="bbox 129 850 870 934; baseline -0.007 -16"><span class='ocrx_word' id='word_1_40' title='bbox 129 857 157 918; x_wconf 75' lang='lat' dir='ltr'><strong>at</strong></span> <span class='ocrx_word' id='word_1_41' title='bbox 184 851 304 916; x_wconf 84' lang='lat' dir='ltr'><strong>idcirco</strong></span> <span class='ocrx_word' id='word_1_42' title='bbox 333 872 402 915; x_wconf 89' lang='lat' dir='ltr'><strong>esse</strong></span> <span class='ocrx_word' id='word_1_43' title='bbox 429 851 576 934; x_wconf 90' lang='lat' dir='ltr'><strong>ipsorum</strong></span> <span class='ocrx_word' id='word_1_44' title='bbox 604 871 642 914; x_wconf 88' lang='lat' dir='ltr'><strong>ex</strong></span> <span class='ocrx_word' id='word_1_45' title='bbox 670 871 708 914; x_wconf 90' lang='lat' dir='ltr'><strong>eo</strong></span> <span class='ocrx_word' id='word_1_46' title='bbox 736 850 870 934; x_wconf 74' lang='lat' dir='ltr'><strong>pendet,</strong></span> 
     </span>
     <span class='ocr_line' id='line_1_9' title="bbox 123 939 886 1025; baseline -0.005 -19"><span class='ocrx_word' id='word_1_47' title='bbox 123 943 206 1006; x_wconf 89' lang='lat' dir='ltr'><strong>iecto</strong></span> <span class='ocrx_word' id='word_1_48' title='bbox 228 962 296 1005; x_wconf 90' lang='lat' dir='ltr'><strong>non</strong></span> <span class='ocrx_word' id='word_1_49' title='bbox 320 943 405 1023; x_wconf 87' lang='lat' dir='ltr'><strong>sunt,</strong></span> <span class='ocrx_word' id='word_1_50' title='bbox 427 943 524 1025; x_wconf 86' lang='lat' dir='ltr'><strong>atque</strong></span> <span class='ocrx_word' id='word_1_51' title='bbox 543 939 615 1004; x_wconf 89' lang='lat' dir='ltr'><strong>ideo</strong></span> <span class='ocrx_word' id='word_1_52' title='bbox 636 939 696 1003; x_wconf 88' lang='lat' dir='ltr'><strong>sub</strong></span> <span class='ocrx_word' id='word_1_53' title='bbox 715 961 780 1003; x_wconf 93' lang='lat' dir='ltr'><strong>uno</strong></span> <span class='ocrx_word' id='word_1_54' title='bbox 800 939 886 1003; x_wconf 83' lang='lat' dir='ltr'><strong>subst</strong></span> 
     </span>
     <span class='ocr_line' id='line_1_10' title="bbox 124 1028 886 1113; baseline -0.005 -18"><span class='ocrx_word' id='word_1_55' title='bbox 124 1031 347 1096; x_wconf 77' lang='lat' dir='ltr'><strong>conlocantur:</strong></span> <span class='ocrx_word' id='word_1_56' title='bbox 380 1028 427 1092; x_wconf 90' lang='lat' dir='ltr'><strong>ita</strong></span> <span class='ocrx_word' id='word_1_57' title='bbox 450 1048 576 1113; x_wconf 87' lang='lat' dir='ltr'><strong>quoque</strong></span> <span class='ocrx_word' id='word_1_58' title='bbox 599 1050 795 1113; x_wconf 88' lang='lat' dir='ltr'><strong>quamquam</strong></span> <span class='ocrx_word' id='word_1_59' title='bbox 820 1028 886 1092; x_wconf 56' lang='lat' dir='ltr'><strong>adfi‘</strong></span> 
     </span>
     <span class='ocr_line' id='line_1_11' title="bbox 124 1116 886 1203; baseline -0.004 -21"><span class='ocrx_word' id='word_1_60' title='bbox 124 1117 311 1203; x_wconf 78' lang='lat' dir='ltr'><strong>gationibus</strong></span> <span class='ocrx_word' id='word_1_61' title='bbox 333 1116 368 1179; x_wconf 92' lang='lat' dir='ltr'><strong>in</strong></span> <span class='ocrx_word' id='word_1_62' title='bbox 391 1117 547 1180; x_wconf 88' lang='lat' dir='ltr'><strong>orationis</strong></span> <span class='ocrx_word' id='word_1_63' title='bbox 570 1116 752 1199; x_wconf 78' lang='lat' dir='ltr'><strong>prolatione</strong></span> <span class='ocrx_word' id='word_1_64' title='bbox 774 1117 886 1200; x_wconf 68' lang='lat' dir='ltr'><strong>priorer</strong></span> 
     </span>
     <span class='ocr_line' id='line_1_12' title="bbox 125 1204 886 1288; baseline -0.004 -17"><span class='ocrx_word' id='word_1_65' title='bbox 125 1206 166 1271; x_wconf 87' lang='lat' dir='ltr'><strong>ad</strong></span> <span class='ocrx_word' id='word_1_66' title='bbox 194 1226 264 1270; x_wconf 84' lang='lat' dir='ltr'><strong>esse</strong></span> <span class='ocrx_word' id='word_1_67' title='bbox 288 1208 385 1288; x_wconf 88' lang='lat' dir='ltr'><strong>atque</strong></span> <span class='ocrx_word' id='word_1_68' title='bbox 409 1204 448 1268; x_wconf 85' lang='lat' dir='ltr'><strong>ad</strong></span> <span class='ocrx_word' id='word_1_69' title='bbox 470 1208 620 1268; x_wconf 86' lang='lat' dir='ltr'><strong>naturam</strong></span> <span class='ocrx_word' id='word_1_70' title='bbox 643 1205 810 1288; x_wconf 87' lang='lat' dir='ltr'><strong>propriam</strong></span> <span class='ocrx_word' id='word_1_71' title='bbox 834 1227 886 1288; x_wconf 79' lang='lat' dir='ltr'><strong>aec</strong></span> 
     </span>
     <span class='ocr_line' id='line_1_13' title="bbox 125 1293 886 1377; baseline -0.004 -18"><span class='ocrx_word' id='word_1_72' title='bbox 125 1294 260 1361; x_wconf 87' lang='lat' dir='ltr'><strong>tiatione</strong></span> <span class='ocrx_word' id='word_1_73' title='bbox 283 1293 490 1377; x_wconf 87' lang='lat' dir='ltr'><strong>participant</strong></span> <span class='ocrx_word' id='word_1_74' title='bbox 535 1293 716 1357; x_wconf 82' lang='lat' dir='ltr'><strong>enuntiatio</strong></span> <span class='ocrx_word' id='word_1_75' title='bbox 739 1314 814 1357; x_wconf 85' lang='lat' dir='ltr'><strong>vero</strong></span> <span class='ocrx_word' id='word_1_76' title='bbox 839 1299 886 1357; x_wconf 86' lang='lat' dir='ltr'><strong>est</strong></span> 
     </span>
     <span class='ocr_line' id='line_1_14' title="bbox 125 1381 883 1466; baseline -0.003 -18"><span class='ocrx_word' id='word_1_77' title='bbox 125 1387 177 1448; x_wconf 91' lang='lat' dir='ltr'><strong>tas</strong></span> <span class='ocrx_word' id='word_1_78' title='bbox 200 1387 233 1447; x_wconf 92' lang='lat' dir='ltr'><strong>et</strong></span> <span class='ocrx_word' id='word_1_79' title='bbox 255 1381 383 1446; x_wconf 86' lang='lat' dir='ltr'><strong>falsitas</strong></span> <span class='ocrx_word' id='word_1_80' title='bbox 407 1381 545 1445; x_wconf 88' lang='lat' dir='ltr'><strong>inveniri</strong></span> <span class='ocrx_word' id='word_1_81' title='bbox 567 1384 685 1466; x_wconf 89' lang='lat' dir='ltr'><strong>potest.</strong></span> <span class='ocrx_word' id='word_1_82' title='bbox 716 1382 831 1465; x_wconf 87' lang='lat' dir='ltr'><strong>quain</strong></span> <span class='ocrx_word' id='word_1_83' title='bbox 849 1404 883 1446; x_wconf 89' lang='lat' dir='ltr'><strong>re</strong></span> 
     </span>
     <span class='ocr_line' id='line_1_15' title="bbox 126 1470 886 1555; baseline -0.003 -19"><span class='ocrx_word' id='word_1_84' title='bbox 126 1475 160 1536; x_wconf 85' lang='lat' dir='ltr'><strong>et</strong></span> <span class='ocrx_word' id='word_1_85' title='bbox 188 1471 322 1555; x_wconf 78' lang='lat' dir='ltr'><strong>negatio</strong></span> <span class='ocrx_word' id='word_1_86' title='bbox 352 1470 503 1555; x_wconf 82' lang='lat' dir='ltr'><strong>aequales</strong></span> <span class='ocrx_word' id='word_1_87' title='bbox 535 1474 620 1535; x_wconf 91' lang='lat' dir='ltr'><strong>sunt.</strong></span> <span class='ocrx_word' id='word_1_88' title='bbox 666 1472 844 1555; x_wconf 85' lang='lat' dir='ltr'><strong>aequaliter</strong></span> <span class='ocrx_word' id='word_1_89' title='bbox 874 1492 886 1534; x_wconf 86' lang='lat' dir='ltr'><strong>e</strong></span> 
     </span>
     <span class='ocr_line' id='line_1_16' title="bbox 74 1558 885 1645; baseline -0.002 -19"><span class='ocrx_word' id='word_1_90' title='bbox 74 1576 107 1626; x_wconf 77' lang='lat'><strong>1⁶</strong></span> <span class='ocrx_word' id='word_1_91' title='bbox 126 1560 228 1625; x_wconf 90' lang='lat' dir='ltr'><strong>matio</strong></span> <span class='ocrx_word' id='word_1_92' title='bbox 253 1563 285 1624; x_wconf 91' lang='lat' dir='ltr'><strong>et</strong></span> <span class='ocrx_word' id='word_1_93' title='bbox 306 1559 438 1645; x_wconf 88' lang='lat' dir='ltr'><strong>negatio</strong></span> <span class='ocrx_word' id='word_1_94' title='bbox 457 1558 595 1625; x_wconf 85' lang='lat' dir='ltr'><strong>veritate</strong></span> <span class='ocrx_word' id='word_1_95' title='bbox 614 1562 647 1623; x_wconf 92' lang='lat' dir='ltr'><strong>et</strong></span> <span class='ocrx_word' id='word_1_96' title='bbox 664 1559 808 1625; x_wconf 88' lang='lat' dir='ltr'><strong>falsitate</strong></span> <span class='ocrx_word' id='word_1_97' title='bbox 826 1582 885 1643; x_wconf 89' lang='lat' dir='ltr'><strong>par</strong></span> 
     </span>
     <span class='ocr_line' id='line_1_17' title="bbox 127 1648 886 1734; baseline -0.004 -19"><span class='ocrx_word' id='word_1_98' title='bbox 127 1650 212 1715; x_wconf 90' lang='lat' dir='ltr'><strong>circa</strong></span> <span class='ocrx_word' id='word_1_99' title='bbox 230 1648 513 1734; x_wconf 81' lang='lat' dir='ltr'><strong>quoniam&lt;ad&gt;id</strong></span> <span class='ocrx_word' id='word_1_100' title='bbox 537 1648 623 1733; x_wconf 84' lang='lat' dir='ltr'><strong>quod</strong></span> <span class='ocrx_word' id='word_1_101' title='bbox 647 1653 723 1713; x_wconf 87' lang='lat' dir='ltr'><strong>sunt</strong></span> <span class='ocrx_word' id='word_1_102' title='bbox 747 1649 886 1713; x_wconf 83' lang='lat' dir='ltr'><strong>adfirmat</strong></span> 
     </span>
     <span class='ocr_line' id='line_1_18' title="bbox 127 1737 881 1823; baseline -0.003 -20"><span class='ocrx_word' id='word_1_103' title='bbox 127 1739 304 1823; x_wconf 88' lang='lat' dir='ltr'><strong>aequaliter</strong></span> <span class='ocrx_word' id='word_1_104' title='bbox 327 1739 368 1803; x_wconf 89' lang='lat' dir='ltr'><strong>ab</strong></span> <span class='ocrx_word' id='word_1_105' title='bbox 393 1737 614 1803; x_wconf 85' lang='lat' dir='ltr'><strong>enuntiatione</strong></span> <span class='ocrx_word' id='word_1_106' title='bbox 633 1738 838 1822; x_wconf 84' lang='lat' dir='ltr'><strong>participant,</strong></span> <span class='ocrx_word' id='word_1_107' title='bbox 862 1762 881 1802; x_wconf 89' lang='lat' dir='ltr'><strong>a</strong></span> 
     </span>
     <span class='ocr_line' id='line_1_19' title="bbox 127 1826 873 1911; baseline 0.003 -21"><span class='ocrx_word' id='word_1_108' title='bbox 127 1827 360 1891; x_wconf 86' lang='lat' dir='ltr'><strong>enuntiationis</strong></span> <span class='ocrx_word' id='word_1_109' title='bbox 384 1846 501 1911; x_wconf 84' lang='lat' dir='ltr'><strong>genere</strong></span> <span class='ocrx_word' id='word_1_110' title='bbox 524 1826 622 1890; x_wconf 84' lang='lat' dir='ltr'><strong>dividi</strong></span> <span class='ocrx_word' id='word_1_111' title='bbox 645 1848 712 1892; x_wconf 92' lang='lat' dir='ltr'><strong>non</strong></span> <span class='ocrx_word' id='word_1_112' title='bbox 735 1831 873 1911; x_wconf 85' lang='lat' dir='ltr'><strong>oportet.</strong></span> 
     </span>
     <span class='ocr_line' id='line_1_20' title="bbox 127 1914 868 1999; baseline 0 -20"><span class='ocrx_word' id='word_1_113' title='bbox 127 1914 254 1979; x_wconf 84' lang='lat' dir='ltr'><strong>videtur</strong></span> <span class='ocrx_word' id='word_1_114' title='bbox 281 1915 367 1999; x_wconf 91' lang='lat' dir='ltr'><strong>quod</strong></span> <span class='ocrx_word' id='word_1_115' title='bbox 394 1914 605 1998; x_wconf 87' lang='lat' dir='ltr'><strong>Porphyrii</strong></span> <span class='ocrx_word' id='word_1_116' title='bbox 636 1915 679 1979; x_wconf 90' lang='lat' dir='ltr'><strong>sit</strong></span> <span class='ocrx_word' id='word_1_117' title='bbox 706 1915 868 1997; x_wconf 85' lang='lat' dir='ltr'><strong>sequenda</strong></span> 
     </span>
     <span class='ocr_line' id='line_1_21' title="bbox 75 2002 871 2089; baseline -0.003 -20"><span class='ocrx_word' id='word_1_118' title='bbox 75 2021 109 2071; x_wconf 78' lang='lat'><strong>20</strong></span> <span class='ocrx_word' id='word_1_119' title='bbox 128 2002 310 2068; x_wconf 85' lang='lat' dir='ltr'><strong>adfirmatio</strong></span> <span class='ocrx_word' id='word_1_120' title='bbox 341 2006 375 2067; x_wconf 90' lang='lat' dir='ltr'><strong>et</strong></span> <span class='ocrx_word' id='word_1_121' title='bbox 403 2003 535 2089; x_wconf 84' lang='lat' dir='ltr'><strong>negatio</strong></span> <span class='ocrx_word' id='word_1_122' title='bbox 565 2005 728 2067; x_wconf 91' lang='lat' dir='ltr'><strong>communi</strong></span> <span class='ocrx_word' id='word_1_123' title='bbox 760 2005 871 2068; x_wconf 88' lang='lat' dir='ltr'><strong>enunti</strong></span> 
     </span>
     <span class='ocr_line' id='line_1_22' title="bbox 129 2091 865 2176; baseline 0 -19"><span class='ocrx_word' id='word_1_124' title='bbox 129 2096 361 2176; x_wconf 87' lang='lat' dir='ltr'><strong>supponantur.</strong></span> <span class='ocrx_word' id='word_1_125' title='bbox 405 2092 506 2176; x_wconf 83' lang='lat' dir='ltr'><strong>longa</strong></span> <span class='ocrx_word' id='word_1_126' title='bbox 532 2113 672 2175; x_wconf 85' lang='lat' dir='ltr'><strong>namque</strong></span> <span class='ocrx_word' id='word_1_127' title='bbox 699 2091 757 2156; x_wconf 90' lang='lat' dir='ltr'><strong>illa</strong></span> <span class='ocrx_word' id='word_1_128' title='bbox 780 2096 813 2156; x_wconf 89' lang='lat' dir='ltr'><strong>et</strong></span> <span class='ocrx_word' id='word_1_129' title='bbox 835 2115 865 2156; x_wconf 92' lang='lat' dir='ltr'><strong>1n</strong></span> 
     </span>
     <span class='ocr_line' id='line_1_23' title="bbox 127 2180 858 2267; baseline -0.003 -20"><span class='ocrx_word' id='word_1_130' title='bbox 127 2181 265 2248; x_wconf 84' lang='lat' dir='ltr'><strong>xandri</strong></span> <span class='ocrx_word' id='word_1_131' title='bbox 288 2184 482 2267; x_wconf 83' lang='lat' dir='ltr'><strong>argumenta</strong></span> <span class='ocrx_word' id='word_1_132' title='bbox 500 2180 606 2246; x_wconf 90' lang='lat' dir='ltr'><strong>soluta</strong></span> <span class='ocrx_word' id='word_1_133' title='bbox 625 2183 709 2266; x_wconf 84' lang='lat' dir='ltr'><strong>sunt,</strong></span> <span class='ocrx_word' id='word_1_134' title='bbox 728 2203 801 2246; x_wconf 90' lang='lat' dir='ltr'><strong>cum</strong></span> <span class='ocrx_word' id='word_1_135' title='bbox 820 2181 858 2245; x_wconf 89' lang='lat' dir='ltr'><strong>de</strong></span> 
     </span>
     <span class='ocr_line' id='line_1_24' title="bbox 127 2271 850 2355; baseline 0.001 -20"><span class='ocrx_word' id='word_1_136' title='bbox 127 2271 233 2335; x_wconf 88' lang='lat' dir='ltr'><strong>modis</strong></span> <span class='ocrx_word' id='word_1_137' title='bbox 266 2271 417 2335; x_wconf 89' lang='lat' dir='ltr'><strong>omnibus</strong></span> <span class='ocrx_word' id='word_1_138' title='bbox 450 2291 488 2334; x_wconf 87' lang='lat' dir='ltr'><strong>ea</strong></span> <span class='ocrx_word' id='word_1_139' title='bbox 519 2292 600 2354; x_wconf 85' lang='lat' dir='ltr'><strong>quae</strong></span> <span class='ocrx_word' id='word_1_140' title='bbox 632 2271 742 2355; x_wconf 88' lang='lat' dir='ltr'><strong>priora</strong></span> <span class='ocrx_word' id='word_1_141' title='bbox 774 2275 850 2336; x_wconf 91' lang='lat' dir='ltr'><strong>sunt</strong></span> 
     </span>
     <span class='ocr_line' id='line_1_25' title="bbox 129 2358 846 2442; baseline 0.001 -20"><span class='ocrx_word' id='word_1_142' title='bbox 129 2377 246 2442; x_wconf 80' lang='lat' dir='ltr'><strong>genere</strong></span> <span class='ocrx_word' id='word_1_143' title='bbox 273 2358 352 2440; x_wconf 93' lang='lat' dir='ltr'><strong>poni</strong></span> <span class='ocrx_word' id='word_1_144' title='bbox 378 2379 447 2422; x_wconf 91' lang='lat' dir='ltr'><strong>non</strong></span> <span class='ocrx_word' id='word_1_145' title='bbox 473 2380 583 2442; x_wconf 89' lang='lat' dir='ltr'><strong>posse,</strong></span> <span class='ocrx_word' id='word_1_146' title='bbox 615 2359 671 2422; x_wconf 87' lang='lat' dir='ltr'><strong>sed</strong></span> <span class='ocrx_word' id='word_1_147' title='bbox 699 2381 781 2442; x_wconf 89' lang='lat' dir='ltr'><strong>quae</strong></span> <span class='ocrx_word' id='word_1_148' title='bbox 809 2359 846 2423; x_wconf 80' lang='lat' dir='ltr'><strong>acl</strong></span> 
     </span>
     <span class='ocr_line' id='line_1_26' title="bbox 76 2444 839 2530; baseline -0.001 -19"><span class='ocrx_word' id='word_1_149' title='bbox 76 2448 226 2530; x_wconf 71' lang='lat' dir='ltr'><strong>statque</strong></span> <span class='ocrx_word' id='word_1_150' title='bbox 250 2444 467 2509; x_wconf 82' lang='lat' dir='ltr'><strong>substantiam</strong></span> <span class='ocrx_word' id='word_1_151' title='bbox 490 2446 598 2528; x_wconf 88' lang='lat' dir='ltr'><strong>priora</strong></span> <span class='ocrx_word' id='word_1_152' title='bbox 622 2449 698 2510; x_wconf 89' lang='lat' dir='ltr'><strong>sunt</strong></span> <span class='ocrx_word' id='word_1_153' title='bbox 720 2446 778 2510; x_wconf 90' lang='lat' dir='ltr'><strong>illa</strong></span> <span class='ocrx_word' id='word_1_154' title='bbox 801 2447 839 2510; x_wconf 67' lang='lat' dir='ltr'><strong>so&#39;</strong></span> 
     </span>
     <span class='ocr_line' id='line_1_27' title="bbox 130 2533 830 2618; baseline -0.009 -20"><span class='ocrx_word' id='word_1_155' title='bbox 130 2553 248 2618; x_wconf 78' lang='lat' dir='ltr'><strong>genere</strong></span> <span class='ocrx_word' id='word_1_156' title='bbox 279 2533 433 2598; x_wconf 88' lang='lat' dir='ltr'><strong>constitui</strong></span> <span class='ocrx_word' id='word_1_157' title='bbox 464 2535 560 2617; x_wconf 87' lang='lat' dir='ltr'><strong>atque</strong></span> <span class='ocrx_word' id='word_1_158' title='bbox 589 2533 669 2616; x_wconf 89' lang='lat' dir='ltr'><strong>poni</strong></span> <span class='ocrx_word' id='word_1_159' title='bbox 700 2554 767 2597; x_wconf 92' lang='lat' dir='ltr'><strong>non</strong></span> <span class='ocrx_word' id='word_1_160' title='bbox 798 2555 830 2616; x_wconf 73' lang='lat' dir='ltr'><strong>p«</strong></span> 
     </span>
     <span class='ocr_line' id='line_1_28' title="bbox 130 2621 823 2707; baseline -0.006 -20"><span class='ocrx_word' id='word_1_161' title='bbox 130 2643 217 2707; x_wconf 85' lang='lat' dir='ltr'><strong>vero,</strong></span> <span class='ocrx_word' id='word_1_162' title='bbox 240 2623 292 2686; x_wconf 89' lang='lat' dir='ltr'><strong>cui</strong></span> <span class='ocrx_word' id='word_1_163' title='bbox 314 2621 551 2686; x_wconf 87' lang='lat' dir='ltr'><strong>Philoxenus</strong></span> <span class='ocrx_word' id='word_1_164' title='bbox 575 2641 756 2706; x_wconf 81' lang='lat' dir='ltr'><strong>cognomen</strong></span> <span class='ocrx_word' id='word_1_165' title='bbox 779 2624 823 2685; x_wconf 82' lang='lat' dir='ltr'><strong>cst</strong></span> 
     </span>
     <span class='ocr_line' id='line_1_29' title="bbox 129 2709 816 2794; baseline -0.003 -19"><span class='ocrx_word' id='word_1_166' title='bbox 129 2711 189 2793; x_wconf 90' lang='lat' dir='ltr'><strong>rit,</strong></span> <span class='ocrx_word' id='word_1_167' title='bbox 218 2731 274 2774; x_wconf 88' lang='lat' dir='ltr'><strong>cur</strong></span> <span class='ocrx_word' id='word_1_168' title='bbox 295 2730 479 2794; x_wconf 89' lang='lat' dir='ltr'><strong>proponens</strong></span> <span class='ocrx_word' id='word_1_169' title='bbox 502 2710 591 2793; x_wconf 90' lang='lat' dir='ltr'><strong>prius</strong></span> <span class='ocrx_word' id='word_1_170' title='bbox 616 2709 655 2775; x_wconf 89' lang='lat' dir='ltr'><strong>de</strong></span> <span class='ocrx_word' id='word_1_171' title='bbox 677 2709 816 2794; x_wconf 63' lang='lat' dir='ltr'><strong>negatio.u</strong></span> 
     </span>
     <span class='ocr_line' id='line_1_30' title="bbox 130 2798 808 2883; baseline -0.003 -19"><span class='ocrx_word' id='word_1_172' title='bbox 130 2798 274 2864; x_wconf 80' lang='lat' dir='ltr'><strong>mationa</strong></span> <span class='ocrx_word' id='word_1_173' title='bbox 304 2798 576 2883; x_wconf 83' lang='lat' dir='ltr'><strong>,pronuntiaverit</strong></span> <span class='ocrx_word' id='word_1_174' title='bbox 617 2798 739 2862; x_wconf 82' lang='lat' dir='ltr'><strong>dicens:</strong></span> <span class='ocrx_word' id='word_1_175' title='bbox 780 2820 808 2883; x_wconf 50' lang='lat' dir='ltr'><strong>p*</strong></span> 
     </span>
     <span class='ocr_line' id='line_1_31' title="bbox 78 2886 801 2973; baseline -0.006 -19"><span class='ocrx_word' id='word_1_176' title='bbox 78 2906 112 2956; x_wconf 78' lang='lat' dir='ltr'><strong>oo</strong></span> <span class='ocrx_word' id='word_1_177' title='bbox 131 2888 388 2972; x_wconf 86' lang='lat' dir='ltr'><strong>constituere,</strong></span> <span class='ocrx_word' id='word_1_178' title='bbox 418 2886 508 2972; x_wconf 85' lang='lat' dir='ltr'><strong>quid</strong></span> <span class='ocrx_word' id='word_1_179' title='bbox 537 2908 677 2953; x_wconf 89' lang='lat' dir='ltr'><strong>nomen</strong></span> <span class='ocrx_word' id='word_1_180' title='bbox 699 2891 738 2951; x_wconf 87' lang='lat' dir='ltr'><strong>et</strong></span> <span class='ocrx_word' id='word_1_181' title='bbox 760 2909 801 2973; x_wconf 84' lang='lat' dir='ltr'><strong>qt</strong></span> 
     </span>
     <span class='ocr_line' id='line_1_32' title="bbox 131 2975 793 3063; baseline -0.002 -21"><span class='ocrx_word' id='word_1_182' title='bbox 131 2981 215 3042; x_wconf 91' lang='lat' dir='ltr'><strong>stea</strong></span> <span class='ocrx_word' id='word_1_183' title='bbox 237 2977 328 3063; x_wconf 90' lang='lat' dir='ltr'><strong>quid</strong></span> <span class='ocrx_word' id='word_1_184' title='bbox 352 2978 413 3041; x_wconf 87' lang='lat' dir='ltr'><strong>est</strong></span> <span class='ocrx_word' id='word_1_185' title='bbox 433 2977 591 3060; x_wconf 83' lang='lat' dir='ltr'><strong>negatio</strong></span> <span class='ocrx_word' id='word_1_186' title='bbox 616 2981 655 3041; x_wconf 89' lang='lat' dir='ltr'><strong>ct</strong></span> <span class='ocrx_word' id='word_1_187' title='bbox 677 2975 793 3041; x_wconf 75' lang='lat' dir='ltr'><strong>adfini</strong></span> 
     </span>
     <span class='ocr_line' id='line_1_33' title="bbox 132 3064 786 3150; baseline 0.002 -20"><span class='ocrx_word' id='word_1_188' title='bbox 132 3066 260 3149; x_wconf 87' lang='lat' dir='ltr'><strong>quidem</strong></span> <span class='ocrx_word' id='word_1_189' title='bbox 278 3066 361 3130; x_wconf 90' lang='lat' dir='ltr'><strong>nihil</strong></span> <span class='ocrx_word' id='word_1_190' title='bbox 380 3065 545 3149; x_wconf 88' lang='lat' dir='ltr'><strong>proprium</strong></span> <span class='ocrx_word' id='word_1_191' title='bbox 564 3065 654 3148; x_wconf 82' lang='lat' dir='ltr'><strong>(lixit,</strong></span> <span class='ocrx_word' id='word_1_192' title='bbox 678 3064 786 3150; x_wconf 75' lang='lat' dir='ltr'><strong>quonis</strong></span> 
     </span>
    </p>
   </div>
   <div class='ocr_carea' id='block_1_3' title="bbox 128 3221 774 3507">
    <p class='ocr_par' dir='ltr' id='par_1_3' title="bbox 128 3221 774 3507">
     <span class='ocr_line' id='line_1_34' title="bbox 206 3221 774 3292; baseline 0.002 -16"><span class='ocrx_word' id='word_1_193' title='bbox 206 3229 218 3276; x_wconf 94' lang='lat'>1</span> <span class='ocrx_word' id='word_1_194' title='bbox 240 3222 391 3292; x_wconf 86' lang='lat' dir='ltr'><strong>posterius]</strong></span> <span class='ocrx_word' id='word_1_195' title='bbox 410 3221 487 3291; x_wconf 88' lang='lat' dir='ltr'><strong>prius</strong></span> <span class='ocrx_word' id='word_1_196' title='bbox 507 3221 610 3277; x_wconf 84' lang='lat' dir='ltr'>S¹TE¹</span> <span class='ocrx_word' id='word_1_197' title='bbox 682 3222 774 3277; x_wconf 74' lang='lat' dir='ltr'><strong>tutuo</strong></span> 
     </span>
     <span class='ocr_line' id='line_1_35' title="bbox 134 3292 769 3362; baseline 0.008 -16"><span class='ocrx_word' id='word_1_198' title='bbox 134 3292 450 3362; x_wconf 79' lang='lat' dir='ltr'><strong>130tpostroom.F</strong></span> <span class='ocrx_word' id='word_1_199' title='bbox 540 3294 769 3351; x_wconf 75' lang='lat' dir='ltr'><strong>losdeoadd</strong></span> 
     </span>
     <span class='ocr_line' id='line_1_36' title="bbox 128 3310 762 3434; baseline 0.002 -15"><span class='ocrx_word' id='word_1_200' title='bbox 128 3379 183 3434; x_wconf 78' lang='lat' dir='ltr'><strong>pro</strong></span> <span class='ocrx_word' id='word_1_201' title='bbox 201 3379 231 3419; x_wconf 79' lang='lat' dir='ltr'><strong>a:</strong></span> <span class='ocrx_word' id='word_1_202' title='bbox 251 3367 279 3419; x_wconf 88' lang='lat' dir='ltr'><strong>ot</strong></span> <span class='ocrx_word' id='word_1_203' title='bbox 299 3365 344 3419; x_wconf 85' lang='lat' dir='ltr'><strong>SF</strong></span> <span class='ocrx_word' id='word_1_204' title='bbox 409 3370 441 3418; x_wconf 80' lang='lat'><strong>21</strong></span> <span class='ocrx_word' id='word_1_205' title='bbox 462 3367 634 3434; x_wconf 84' lang='lat' dir='ltr'><strong>supponatur</strong></span> <span class='ocrx_word' id='word_1_206' title='bbox 652 3310 698 3420; x_wconf 57' lang='lat' dir='ltr'><strong>gl*</strong></span> <span class='ocrx_word' id='word_1_207' title='bbox 759 3382 762 3392; x_wconf 74' lang='lat'>¹</span> 
     </span>
     <span class='ocr_line' id='line_1_37' title="bbox 133 3433 756 3507; baseline 0.006 -18"><span class='ocrx_word' id='word_1_208' title='bbox 133 3433 214 3490; x_wconf 87' lang='lat' dir='ltr'><strong>situ.</strong></span> <span class='ocrx_word' id='word_1_209' title='bbox 234 3437 337 3492; x_wconf 80' lang='lat' dir='ltr'><strong>codices</strong></span> <span class='ocrx_word' id='word_1_210' title='bbox 410 3442 442 3491; x_wconf 84' lang='lat'><strong>31</strong></span> <span class='ocrx_word' id='word_1_211' title='bbox 463 3439 506 3491; x_wconf 83' lang='lat' dir='ltr'><strong>est</strong></span> <span class='ocrx_word' id='word_1_212' title='bbox 523 3436 614 3492; x_wconf 67' lang='grc'>(11111</span> <span class='ocrx_word' id='word_1_213' title='bbox 668 3434 756 3507; x_wconf 81' lang='lat' dir='ltr'><strong>primu</strong></span> 
     </span>
    </p>
   </div>
   <div class='ocr_carea' id='block_1_4' title="bbox 0 0 1207 4342">
    <p class='ocr_par' dir='ltr' id='par_1_4' title="bbox 0 0 1207 4342">
     <span class='ocr_line' id='line_1_38' title="bbox 0 0 1207 4342; baseline 0 0"><span class='ocrx_word' id='word_1_214' title='bbox 0 0 1207 4342; x_wconf 95' lang='lat' dir='ltr'><strong> </strong></span> 
     </span>
    </p>
   </div>
  </div>
 </body>
</html>
