2386 4342
525 633 539 687 1
558 650 583 689 e.
601 638 629 689 a
1041 634 1088 701 53

155 774 268 842 Omnis
305 777 451 843 definitio
483 777 615 864 generis
648 777 883 844 constitutione
919 777 1088 863 formatur,

65 864 317 931 differentiarum
340 888 418 932 vero
436 867 666 952 conpositione
687 867 862 952 perficitur.
895 889 972 933 nam
995 868 1024 932 si
1047 866 1089 935 ad

63 955 268 1038 propositum
298 975 402 1041 genus
433 955 634 1021 differentias
669 956 863 1042 colligamus
899 977 1018 1042 easque
1046 954 1088 1023 cd

64 1044 781 1217 illutttffltllbllslttt
800 1048 1125 1217 strutus

63 1224 116 1285 est
139 1220 224 1304 quod
247 1221 335 1286 ultra
358 1221 401 1286 ad
425 1220 609 1287 faciendam
633 1220 854 1286 definitionem
876 1221 1089 1288 desideretur:

63 1313 102 1372 ut
132 1309 239 1393 ipsum
262 1308 430 1375 hominem
454 1309 483 1372 si
507 1308 581 1392 quis
604 1307 755 1390 definiat,
778 1307 889 1391 generi
912 1310 980 1381 eius
1003 1308 1090 1394 quod

65 1400 117 1460 est
135 1397 257 1461 animal
276 1397 358 1461 duas
371 1416 507 1462 necesse
521 1399 573 1460 est
586 1393 786 1459 differentias
800 1394 918 1480 iungat
930 1396 1091 1463 rationale

65 1484 191 1549 scilicet
219 1486 316 1567 utque
350 1482 489 1548 mortale
516 1482 677 1568 facietque
711 1481 896 1549 huiusmodi
930 1482 1090 1552 ordinem:

69 1572 193 1636 animal
211 1571 372 1636 rationale
390 1571 545 1656 mortale;
568 1593 650 1656 quae
669 1570 814 1638 definitio
830 1572 857 1636 si
871 1572 910 1638 ad
926 1572 1091 1640 hominem
1111 1588 1145 1641 ιο

68 1659 243 1745 referetur,
270 1660 367 1745 plena
390 1664 441 1725 est
462 1661 599 1727 rationis
623 1660 886 1744 substantiaeque
909 1660 1092 1748 descriptio.

67 1747 179 1813 volens
208 1769 285 1834 ergo
313 1749 560 1816 Aristoteles
589 1749 724 1815 definire
752 1749 830 1834 quid
859 1756 945 1816 esset
970 1771 1092 1818 nomen

64 1836 155 1920 prius
185 1838 254 1902 eius
282 1859 386 1924 genus
414 1839 556 1923 sumpsit
583 1838 692 1904 dicens
720 1859 841 1905 nomen
870 1861 940 1906 esse
968 1861 1091 1923 vocem,

44 1922 185 1992 'idcirco
217 1927 341 1993 scilicet
369 1931 406 1991 ut
433 1927 497 1993 hoc
526 1927 612 2012 quod
635 1927 773 1992 dicimus
796 1948 914 1994 nomen
939 1929 981 1994 ab
1006 1928 1089 2010 aliis,

66 2037 149 2100 quse
168 2037 236 2081 non
255 2037 352 2082 voces
368 2014 424 2080 sed
438 2019 568 2081 tantum
583 2015 656 2081 soni
672 2018 757 2098 sunt,
777 2020 951 2098 separaret
988 2016 1090 2082 distat
1109 2030 1142 2083 lt

66 2104 154 2168 enim
174 2124 274 2169 sonus
292 2125 387 2169 voce:
408 2125 510 2169 sonus
530 2103 617 2168 enim
636 2106 687 2167 est
700 2102 865 2186 percussio
885 2103 968 2168 aeris
988 2103 1090 2169 sensi-

62 2192 152 2276 bilis,
189 2214 252 2257 vox
285 2214 362 2257 vero
394 2191 492 2256 fletus
523 2212 582 2275 per
616 2189 773 2275 quasdam
805 2191 947 2276 gutturis
979 2192 1089 2275 partes

64 2281 249 2365 egrediens,
273 2300 356 2365 quae
381 2279 520 2345 arteriae
542 2282 716 2358 vocantur,
744 2279 799 2364 qui
824 2279 934 2365 eliqua
956 2280 1090 2365 liuguae

64 2368 269 2451 inpressione
292 2368 461 2433 formetur.
493 2372 527 2433 et
548 2390 611 2434 vox
635 2367 765 2453 quidem
789 2368 854 2435 nisi
872 2368 1088 2435 animantium

65 2477 133 2521 non
161 2460 224 2541 est,
254 2478 353 2523 sonus
381 2478 458 2523 vero
487 2457 683 2542 aliquotiens
712 2457 930 2523 insnimorum
961 2471 1143 2543 quoquere

67 2566 240 2629 corporum
269 2545 508 2611 conflictatione
537 2546 711 2629 perficitur.
748 2566 848 2628 quare
871 2544 947 2628 quis
969 2566 1089 2611 nomen

71 2652 185 2696 vocem
207 2633 420 2717 monstravit,
448 2633 490 2697 ab
512 2632 586 2696 aliis
611 2653 693 2716 quse
716 2651 811 2696 voces
834 2651 901 2696 non
926 2634 1011 2712 sunt,
1034 2630 1089 2697 sed

72 2721 202 2782 tantum
231 2719 319 2801 soni,
346 2718 431 2783 hunc
460 2718 618 2784 orationis
646 2720 771 2802 partem
802 2718 964 2803 separavit
992 2721 1089 2803 atqua

70 2806 244 2872 distribuit.
271 2811 303 2873 et
321 2827 434 2872 vocem
454 2806 582 2892 quidem
602 2806 743 2872 nominis
761 2807 850 2872 velut
864 2827 966 2893 genus
981 2829 1088 2893 sump-

69 2896 121 2960 sit.
149 2895 251 2961 habet
268 2917 408 2980 namque
428 2896 515 2962 aliud
535 2894 687 2981 quiddam
708 2895 824 2980 speciei
844 2897 914 2963 loco
939 2896 1087 2963 differens
1107 2909 1142 2962 ab

68 3007 87 3049 a
116 2986 248 3051 nomine
277 2985 364 3070 quod
392 2989 441 3051 est
469 2985 616 3070 verbum,
648 2984 749 3051 habet
776 3006 901 3071 quoquo
931 2983 1088 3071 quasdem

68 3074 251 3141 locutiones
276 3095 358 3160 quae
381 3075 465 3140 nihil
488 3075 556 3140 ulla
578 3074 704 3140 ratione
729 3074 926 3160 significent,
954 3077 991 3139 ut
1014 3077 1089 3140 sunt

67 3163 258 3229 articulatae
272 3185 378 3249 voces,
393 3186 529 3249 quarum
548 3186 608 3247 per
624 3185 657 3228 se
677 3162 874 3248 significatio
893 3184 960 3228 non
980 3163 1089 3246 potest

63 3250 220 3334 inveniri,
248 3255 285 3316 ut
309 3252 553 3336 scindapsus.
590 3251 665 3317 huic
689 3271 766 3337 ergo
790 3250 901 3337 generi
926 3250 1006 3315 alias
1030 3248 1088 3314 dii·

62 3336 348 3404 ferentias-rursus
368 3339 512 3425 adponit,
536 3360 618 3424 quae
636 3360 757 3406 nomen
777 3341 860 3405 sieut
878 3360 941 3405 vox
960 3358 980 3402 a
999 3336 1087 3402 sonis
1106 3350 1142 3403 eu

67 3425 140 3491 aliis
161 3427 356 3511 segregavit,
378 3428 427 3492 ita
444 3449 573 3513 quoque
596 3427 658 3492 hae
682 3427 881 3493 differentiae
904 3444 1024 3490 nomen
1045 3425 1085 3490 ab

65 3514 138 3579 aliis
172 3513 340 3619 speciebus
372 3516 432 3580 sub
462 3537 542 3582 vose
572 3515 688 3602 positis
719 3514 866 3581 divident
899 3516 995 3597 atque
1025 3511 1086 3578 dis·

134 3668 346 3726 rdeuenicsT
402 3669 530 3740 simgit
547 3672 584 3726 E¹
641 3676 673 3726 lb
693 3672 805 3742 separet
823 3670 854 3739 F,
876 3685 944 3726 corr.
964 3667 1001 3723 1Μ
1052 3672 1085 3723 17

58 3741 205 3813 gutnrisT
261 3747 295 3795 19
311 3740 482 3795 formaturT
537 3748 571 3798 20
585 3743 615 3798 in
630 3741 724 3798 animo
740 3741 772 3809 Τ,
791 3740 1011 3797 inanimatorum
1020 3737 1085 3793 rvr

57 3820 93 3869 22
114 3828 214 3868 uocem
235 3813 267 3867 S:
288 3828 349 3866 esse
369 3811 507 3866 uocemll
540 3829 640 3870 uocem
658 3829 719 3869 esse
738 3810 792 3867 TE
870 3817 912 3868 28.
927 3816 961 3866 20
981 3809 1037 3865 inu
1057 3824 1084 3863 n.

58 3887 119 3953 pot.
139 3883 161 3937 E
236 3889 271 3937 29
291 3881 455 3937 scindabeos
475 3854 534 3953 Sd,
553 3883 717 3953 scindapsus
735 3882 791 3938 Fu
810 3878 1007 3954 syndapsusT
