2364 3892
520 214 621 270 lca.
1034 214 1075 281 73

58 358 113 442 rit,
136 355 295 422 audientis
319 356 466 422 animum
486 357 492 442 Ι
512 359 692 424 constituit.
736 378 804 424 non
827 361 880 425 est
901 359 989 425 enim
1011 381 1074 444 quo
1091 378 1138 441 pr

61 445 289 531 progrediatur
319 445 544 532 intellegentia
575 447 711 532 ipsoque
739 447 873 514 nomine
900 447 1077 515 terminato

63 535 192 599 animus
221 533 377 599 auditoris
405 535 460 619 qui
486 536 755 621 progrediebatur
781 536 997 620 explicatione
1019 558 1077 602 no·

60 622 159 688 minis
190 622 400 689 constituitur
428 626 462 689 et
489 623 624 708 quiescit
651 627 684 690 et
709 623 795 690 ultra
822 625 863 689 ad
886 624 1077 710 intellegen-

60 713 152 797 tiam,
175 712 293 797 quippe
317 710 465 796 cxpedita
488 712 725 796 significatione
743 713 894 796 nominis,
915 733 984 778 non
1001 730 1112 797 pro-o

61 800 156 866 cedit.
203 800 258 865 sed
285 799 348 866 hoo
374 800 473 866 verbo
501 801 690 885 nominique
718 820 887 866 commune
915 803 979 885 est,
1020 801 1076 867 sed

63 890 91 954 si
122 889 257 972 verbum
288 888 394 954 solum
424 887 560 952 dicatur.
613 909 753 972 namque
787 888 814 953 si
846 909 919 954 oum
947 890 1076 955 nomine

66 979 294 1062 coniungatur,
315 975 461 1042 nondum
482 975 643 1042 audientia
663 976 870 1041 constituitur
887 976 1079 1042 intellectus.

67 1069 118 1130 est
144 1067 230 1130 enim
259 1085 324 1149 quo
352 1063 437 1129 ultra
458 1065 609 1149 progredi
633 1065 759 1130 animus
783 1065 943 1130 audientis
964 1065 1079 1149 possit,

68 1154 155 1238 quod
184 1175 255 1218 cum
285 1153 356 1218 dico
384 1150 563 1219 Socrates
595 1153 780 1236 ambulat,
812 1152 874 1219 hoc
906 1153 1132 1222 ambulatio

64 1263 132 1307 non
155 1263 215 1326 per
237 1262 271 1306 se
294 1240 500 1326 intellegitur,
523 1242 578 1307 sed
602 1241 643 1306 ad
663 1239 859 1307 Socratem
882 1241 1022 1307 refertur
1044 1246 1078 1307 et

61 1331 96 1394 in
120 1332 191 1396 tota
215 1329 360 1395 oratione
383 1330 533 1395 consistit
553 1330 749 1414 intellectus,
771 1350 838 1395 non
860 1330 895 1395 in
919 1330 990 1396 solo
1015 1351 1078 1395 ser-

61 1440 165 1484 mone.
212 1420 346 1483 atvero
369 1417 397 1482 si
422 1418 527 1484 solum
551 1419 672 1485 dictum
695 1419 752 1502 sit,
778 1419 826 1484 ita
853 1419 888 1483 in
915 1418 1076 1504 significa·

60 1508 148 1572 tione
171 1507 331 1592 consistit,
354 1507 624 1591 quemadmodum
643 1509 678 1572 in
695 1507 837 1573 nomine.
870 1510 957 1572 recte
975 1507 1077 1592 igitur

62 1596 247 1661 dictumest
264 1595 352 1679 ipsa
371 1596 577 1661 secundum
597 1618 635 1661 se
655 1595 759 1660 dicta
782 1595 899 1659 verba
920 1595 1078 1660 nomina
1097 1610 1131 1661 ro

64 1705 143 1767 esse,
166 1685 322 1769 quoniam
346 1684 607 1750 constituitis
632 1684 695 1768 qui
718 1683 816 1748 dicit
833 1682 1078 1748 intellectum

60 1777 98 1837 et
126 1774 191 1857 qui
220 1772 330 1837 audit
357 1772 532 1856 quiescit.
577 1773 627 1838 vel
652 1775 738 1838 certe
762 1770 825 1836 erit
846 1772 961 1836 melior
984 1762 1079 1855 eipo

59 1861 150 1944 sitio,
183 1861 211 1925 si
233 1861 281 1926 ita
309 1860 466 1926 dicamus:
498 1860 597 1925 verba
623 1861 696 1946 ipsa
723 1859 898 1926 secundum
926 1881 962 1924 se
991 1859 1079 1926 dict-a

59 1950 198 2014 nomina
224 1970 308 2034 esse,
340 1947 459 2015 idcirco
487 1950 642 2034 quoniam
669 1947 835 2015 cuiusdam
862 1950 912 2027 rei
934 1949 1078 2015 habeant

59 2038 343 2122 significationem.
370 2059 474 2122 neque
493 2037 578 2103 enim
597 2039 624 2102 si
643 2037 719 2103 talis
738 2038 784 2103 rei
805 2037 1076 2123 significationem
1096 2053 1131 2102 20

60 2125 183 2190 retinet
204 2127 349 2209 verbum,
372 2146 454 2211 quae
478 2147 603 2210 semper
627 2126 742 2190 autin
766 2126 868 2192 altero
893 2126 936 2191 sit
959 2131 1016 2191 ant
1037 2127 1076 2191 de

63 2213 168 2278 altero
191 2212 405 2297 praedicetur,
426 2213 546 2279 idcirco
568 2214 635 2277 iam
652 2213 890 2279 nihilomnino
910 2212 1077 2298 significat

61 2323 124 2366 nec
152 2301 180 2364 si
209 2299 371 2384 significat
398 2299 517 2384 aliquid
545 2301 631 2384 quod
653 2304 788 2386 praeter·
804 2300 984 2367 subiectum
1007 2322 1077 2367 esse

63 2408 132 2453 non
163 2388 283 2471 possit,
314 2387 433 2454 idcirco
465 2388 529 2453 iam
562 2389 660 2455 etiam
691 2388 771 2454 illud
799 2389 959 2476 significat
990 2389 1075 2474 quod

62 2476 243 2542 subiectum
267 2479 326 2541 est.
371 2480 408 2541 ut
430 2498 504 2542 cum
527 2477 598 2543 dico
621 2477 739 2563 sapit,
760 2498 828 2544 non
849 2478 969 2545 idcirco
991 2479 1074 2543 nihil
1093 2494 1127 2544 25

59 2564 236 2650 significat,
265 2564 418 2648 quoniam
445 2564 508 2630 hoc
533 2566 641 2650 ipsum
665 2567 767 2651 sapit
790 2567 860 2633 sine
883 2588 921 2632 eo
946 2568 1001 2652 qui
1025 2589 1074 2632 aa·

56 2662 135 2738 p'ere
165 2654 270 2739 possit
302 2674 372 2718 esse
400 2674 467 2718 non
498 2657 615 2738 potest.
665 2676 725 2720 nec
754 2677 867 2721 rursus
898 2677 972 2720 cum
1003 2655 1075 2719 dico

61 2743 179 2827 sapit,
206 2743 299 2808 illum
327 2742 433 2827 ipsum
463 2743 517 2827 qui
544 2743 632 2826 sapit
658 2743 820 2829 significo,
849 2743 905 2809 sed
932 2743 964 2807 id
989 2742 1075 2828 quod

62 2831 135 2894 dico
159 2832 262 2915 sapit
284 2852 404 2896 nomen
429 2834 479 2897 est
501 2832 667 2897 cuiusdam
690 2833 751 2916 rei,
774 2853 857 2916 quae
881 2853 1010 2915 semper
1032 2831 1077 2893 sit

60 2919 98 2981 in
126 2919 228 2984 altero
257 2919 350 2985 etde
374 2920 476 2986 altero
499 2920 709 3005 praedicetur.
753 2919 837 2986 unde
860 2920 899 2984 fit
921 2925 959 2984 ut
981 2917 1075 2983 intel·
1094 2929 1130 2978 ao

61 3006 168 3072 lectus
201 3027 328 3092 quoquc
359 3008 411 3072 sit.
455 3029 531 3073 nam
559 3010 614 3094 qui
642 3008 735 3075 audit
764 3009 881 3093 sapit,
914 3006 991 3071 licet
1018 3024 1076 3087 per

60 3117 96 3160 se
130 3099 336 3162 constantem
369 3117 438 3162 rem
470 3117 536 3162 non
569 3097 680 3163 audiat
718 3095 767 3178 (in
799 3098 903 3162 altero
933 3113 1077 3177 namque

132 3255 148 3306 2
167 3250 177 3305 i
199 3269 229 3307 so
248 3267 336 3323 quoq3
354 3251 376 3306 F
414 3257 439 3307 3.
459 3258 476 3306 4
495 3254 582 3307 conat.
601 3269 675 3307 nom.
691 3251 714 3304 Τ
761 3256 776 3305 8
797 3249 1003 3318 coniungantur
1017 3245 1076 3304 SF¹

56 3329 90 3376 10
111 3270 197 3377 nied
257 3329 288 3377 11
311 3323 518 3378 societatemT
583 3329 615 3377 19
635 3321 799 3390 cuiusquam
818 3321 854 3374 F¹
913 3321 954 3376 rai
973 3322 1024 3376 om.
1044 3312 1078 3368 S¹

58 3393 258 3449 1311111181
336 3399 435 3449 11114
458 3390 880 3459 subiectum-quodcum
952 3383 1077 3445 26—28

62 3464 261 3534 aine-sapit
279 3481 329 3520 om.
348 3464 386 3519 E¹
459 3468 493 3518 29
512 3463 575 3517 dico
593 3478 644 3518 om.
662 3461 698 3514 1²¹
771 3463 855 3516 tout
873 3475 923 3516 om.
942 3461 978 3513 F¹
