2386 4342
151 136 194 202 πο
498 130 811 190 saovunnnmno

148 303 217 348 esse
245 286 279 346 et
305 285 491 364 centaurus,
524 282 634 364 potest
660 299 731 344 esse
754 282 788 342 et
811 297 913 364 equus
936 275 1060 341 atalia
1083 298 1166 365 quse

147 373 198 438 vel
231 374 309 436 aunt
336 370 387 435 vel
417 390 483 434 non
516 371 592 433 sunt
621 370 718 453 atque
747 366 821 432 ideo
852 364 1016 431 inlinitum
1044 386 1169 432 noman

147 455 407 544 vocatum.est):
439 458 488 522 ita
516 478 644 542 quoque
675 455 773 520 etiam
804 455 840 520 in
869 454 968 520 verbo
1000 454 1089 539 quod
1119 460 1169 520 est

147 569 224 614 non
261 546 384 613 currit
419 547 472 611 vel
509 567 588 611 non
628 545 785 610 laborat
828 543 993 608 inlinitum
1034 565 1165 630 quoque

112 637 254 721 eipsum
277 640 336 720 est,
359 635 513 721 quoniam
535 655 604 700 non
627 635 731 699 solum
755 633 793 698 de
817 654 855 698 eo
880 631 966 717 quod
984 635 1037 697 est
1053 653 1167 699 verum

148 729 211 810 cst,
239 725 295 791 sed
323 725 421 790 etiam
449 724 488 790 de
511 746 550 790 eo
574 723 659 808 quod
681 744 749 788 non
772 726 823 787 eat
844 719 1025 806 praedicari
1047 725 1168 806 potest

145 836 279 899 possum
301 836 443 900 namque
466 813 573 879 dicere
594 812 707 878 homo
730 833 809 877 non
832 810 953 876 currit
975 813 1008 874 et
1029 809 1065 875 id
1080 810 1166 896 quod

146 905 199 972 aio
222 927 300 971 non
323 904 446 970 currit
468 904 508 969 de
531 924 570 968 ea
592 923 627 966 re
650 922 733 986 quae
756 903 808 965 est
829 899 982 984 praedico
1006 897 1107 965 idest
1129 899 1167 964 de

144 993 291 1076 homine,
331 1013 464 1076 possum
492 1012 603 1056 rursus
633 989 739 1054 dicere
767 987 1001 1073 Scyllaeon
1030 987 1168 1072 currit,

95 1098 128 1149 ιο
148 1079 204 1145 sed
228 1079 359 1163 Scylla
380 1100 448 1144 non
471 1083 533 1143 est:
572 1078 674 1164 igitur
695 1077 759 1142 hoc
782 1077 868 1161 quod
891 1076 962 1142 dieo
985 1097 1064 1142 non
1085 1099 1165 1143 eur·

148 1169 202 1233 rit
228 1171 262 1232 et
288 1167 328 1232 de
355 1189 394 1231 ea
420 1188 455 1231 re
483 1188 565 1251 quae
593 1169 645 1230 est
671 1167 759 1230 valet
786 1171 819 1231 et
846 1166 885 1230 de
913 1186 952 1230 ea
974 1186 1058 1250 quae
1081 1166 1165 1233 nihil

148 1259 199 1322 est
220 1255 406 1340 praedicari.
439 1255 495 1320 sed
517 1254 601 1320 forte
625 1254 741 1338 aliquis
764 1253 826 1320 hoc
848 1275 976 1340 quoque
998 1255 1033 1318 in
1057 1255 1165 1321 verbis

147 1344 251 1409 finitis
275 1365 345 1410 esse
368 1344 552 1410 contendat.
593 1365 727 1427 possum
750 1364 890 1428 namque
912 1343 1018 1408 dicere
1041 1365 1164 1430 equus

148 1434 281 1519 currit,
304 1433 637 1519 hippocentaurus
661 1434 783 1498 currit
805 1436 838 1498 et
861 1432 899 1497 de
922 1453 961 1496 ee
982 1453 1017 1497 re
1041 1432 1165 1499 scilieet

62 1554 68 1561 ·
96 1539 231 1608 requae
255 1527 304 1589 est
327 1523 422 1589 etde
445 1544 484 1589 ea
507 1543 590 1609 quae
613 1526 762 1587 nonest.

585 1699 605 1740 ²&
717 1700 735 1738 ’l

652 1743 670 1782 *

150 1875 169 1914 *
182 1873 200 1910 *
223 1877 256 1939 et
277 1875 463 1959 praeterito,
486 1873 573 1958 quod
595 1873 741 1938 futurum
764 1873 894 1958 quidem
918 1881 993 1941 ante
1010 1899 1167 1961 praesens

97 1980 131 2032 20
150 1967 279 2048 tempus
313 1967 375 2048 est,
407 1962 619 2048 praeteritum
652 1983 727 2028 vero
759 1966 848 2027 retro
880 1964 1082 2050 relinquitur.
1133 1970 1167 2032 et

149 2075 234 2119 novo
267 2053 514 2138 admirabilique
547 2071 696 2117 sermone
727 2072 805 2115 usus
840 2055 902 2116 est:
939 2054 1040 2138 quod
1077 2077 1170 2121 eon·

148 2143 345 2228 plectitur.
391 2148 424 2209 et
452 2164 514 2209 nos
544 2141 578 2206 id
608 2144 767 2228 quantum
795 2139 957 2207 Latinitas
988 2165 1087 2226 passa
1117 2147 1169 2209 est

148 2231 326 2296 transferre
354 2233 408 2298 diu
435 2233 638 2316 multumque
665 2232 853 2297 laborantes
881 2230 944 2296 hoe
967 2231 1036 2297 solo
1059 2232 1169 2316 potui·

150 2339 232 2401 mus,
255 2316 379 2383 Graeca
400 2342 477 2386 vero
501 2322 648 2386 oratione
670 2319 866 2385 luculentius
885 2318 1086 2386 dictumest
1119 2321 1164 2387 its

222 2542 346 2598 seuam
364 2543 456 2598 ona'l
529 2550 615 2613 opro
633 2543 779 2611 quoniam:
799 2546 916 2615 quodT
989 2550 1033 2603 est
1049 2548 1142 2606 oassl

150 2612 360 2738 tltrtcpioed·
380 2613 419 2739 lo
437 2621 697 2754 atemotniltli
710 2633 810 2756 illm
829 2617 873 2743 Ta
903 2618 1092 2744 ⁸2⁰¹¹ffl⁶al⁰¹
1108 2634 1145 2745 ²¹?

152 2753 245 2811 uicere
263 2771 314 2810 om.
334 2753 371 2809 Τι
449 2761 482 2811 14
500 2729 610 2814 scincet
626 2774 657 2813 re
675 2728 697 2810 e
777 2705 1059 2828 1u-1sehasshnhon
1075 2763 1121 2818 est

152 2825 305 2897 praeterito
325 2823 498 2895 SGNJTE;
521 2845 576 2899 pro
595 2830 637 2884 et:
656 2828 704 2885 lde
722 2828 758 2895 Ἐς
781 2828 819 2886 nt
857 2831 1023 2889 aeacum
1039 2831 1064 2887 B

150 2914 236 2971 marp.
261 2896 341 2953 deest
365 2895 446 2965 ΒΨ,
474 2915 559 2967 quere
581 2899 628 2955 hic
651 2898 718 2968 quia
740 2898 821 2955 deest
875 2900 912 2956 T·
931 2902 1005 2969 (odd.
1025 2900 1066 2957 (³¹
1082 2900 1127 2963 ni

152 2986 239 3038 quare
262 2985 380 3039 querere
402 2967 474 3024 velit
491 2985 576 3024 sensu
593 2971 740 3027 constante
759 2972 790 3025 et
806 2970 935 3040 pluribus
973 2988 1029 3030 uae
1046 2972 1122 3045 ineps

152 3055 215 3094 mus
231 3039 437 3110 exemplaribus
456 3039 587 3095 similiter
605 3039 786 3110 habentibus)
831 3041 915 3097 hicd
992 3045 1026 3099 ia
1041 3058 1117 3121 mm

230 3111 384 3179 praeterito
401 3111 467 3168 add.
486 3113 517 3166 et
534 3110 569 3167 de
588 3110 683 3167 futuro
700 3110 741 3165 N·
795 3111 926 3168 locumve
943 3129 1000 3170 uon
1016 3114 1105 3179 taath.

209 3180 283 3248 quod
302 3181 499 3251 complectitur
517 3182 553 3237 de
571 3181 666 3236 futuro
685 3199 718 3237 ac
736 3183 891 3252 praeterito
910 3183 983 3239 dixit
1000 3184 1108 3255 quedl

154 3254 188 3304 19
207 3249 321 3319 quidem
337 3251 465 3307 futurum
483 3252 507 3307 'l’
593 3258 628 3308 20
647 3255 692 3308 est
708 3269 758 3308 om.
778 3254 805 3308 N
878 3253 1053 3325 relinquetur
1069 3254 1099 3313 ll

153 3325 188 3375 21
206 3319 407 3392 admirabileq;
426 3322 474 3378 ST
546 3326 592 3380 est
609 3339 695 3395 aspra
713 3325 761 3380 lia.
781 3324 805 3378 Τ
878 3324 953 3393 qnod
972 3324 1056 3382 sitll

153 3389 257 3447 latinas
275 3392 297 3445 F
368 3397 403 3446 tt
422 3393 514 3449 solum
532 3395 556 3450 Τ
