<?xml version="1.0" encoding="UTF-8"?>
<!DOCTYPE html PUBLIC "-//W3C//DTD XHTML 1.0 Transitional//EN"
    "http://www.w3.org/TR/xhtml1/DTD/xhtml1-transitional.dtd">
<html xmlns="http://www.w3.org/1999/xhtml" xml:lang="en" lang="en">
 <head>
  <title>
</title>
<meta http-equiv="Content-Type" content="text/html;charset=utf-8" />
  <meta name='ocr-system' content='tesseract 3.04.00' />
  <meta name='ocr-capabilities' content='ocr_page ocr_carea ocr_par ocr_line ocrx_word'/>
</head>
<body>
  <div class='ocr_page' id='page_1' title='image "aniciimanliisev01boetgoog_0073.png"; bbox 0 0 2386 4342; ppageno 0'>
   <div class='ocr_carea' id='block_1_1' title="bbox 542 586 1120 659">
    <p class='ocr_par' dir='ltr' id='par_1_1' title="bbox 542 586 1120 659">
     <span class='ocr_line' id='line_1_1' title="bbox 542 586 1120 659; baseline 0.007 -17"><span class='ocrx_word' id='word_1_1' title='bbox 542 586 651 646; x_wconf 69' lang='lat' dir='ltr'><strong>los.</strong></span> <span class='ocrx_word' id='word_1_2' title='bbox 1073 594 1120 659; x_wconf 64' lang='lat'><strong>52¹</strong></span> 
     </span>
    </p>
   </div>
   <div class='ocr_carea' id='block_1_2' title="bbox 35 724 1164 3371">
    <p class='ocr_par' dir='ltr' id='par_1_2' title="bbox 35 724 1164 3371">
     <span class='ocr_line' id='line_1_2' title="bbox 66 724 1118 820; baseline 0.018 -33"><span class='ocrx_word' id='word_1_3' title='bbox 66 724 181 789; x_wconf 83' lang='lat' dir='ltr'><strong>nulla</strong></span> <span class='ocrx_word' id='word_1_4' title='bbox 211 748 302 810; x_wconf 84' lang='lat' dir='ltr'><strong>pare</strong></span> <span class='ocrx_word' id='word_1_5' title='bbox 334 734 396 794; x_wconf 83' lang='lat' dir='ltr'><strong>eat</strong></span> <span class='ocrx_word' id='word_1_6' title='bbox 430 730 721 816; x_wconf 72' lang='lat' dir='ltr'><strong>significativa</strong></span> <span class='ocrx_word' id='word_1_7' title='bbox 753 744 942 817; x_wconf 75' lang='lat' dir='ltr'><strong>separata</strong></span> <span class='ocrx_word' id='word_1_8' title='bbox 976 736 1055 820; x_wconf 84' lang='lat' dir='ltr'><strong>quid</strong></span> <span class='ocrx_word' id='word_1_9' title='bbox 1081 740 1118 806; x_wconf 92' lang='lat' dir='ltr'><strong>in</strong></span> 
     </span>
     <span class='ocr_line' id='line_1_3' title="bbox 65 813 1118 911; baseline 0.015 -33"><span class='ocrx_word' id='word_1_10' title='bbox 65 813 213 879; x_wconf 88' lang='lat' dir='ltr'><strong>nominis</strong></span> <span class='ocrx_word' id='word_1_11' title='bbox 234 814 424 883; x_wconf 82' lang='lat' dir='ltr'><strong>delinitione</strong></span> <span class='ocrx_word' id='word_1_12' title='bbox 448 818 575 884; x_wconf 74' lang='lat' dir='ltr'><strong>valeret</strong></span> <span class='ocrx_word' id='word_1_13' title='bbox 598 819 759 904; x_wconf 68' lang='lat' dir='ltr'><strong>explicuit</strong></span> <span class='ocrx_word' id='word_1_14' title='bbox 786 818 865 909; x_wconf 54' lang='lat' dir='ltr'><strong>(hoo</strong></span> <span class='ocrx_word' id='word_1_15' title='bbox 894 823 1024 889; x_wconf 67' lang='lat' dir='ltr'><strong>suilioet</strong></span> <span class='ocrx_word' id='word_1_16' title='bbox 1051 848 1118 911; x_wconf 85' lang='lat' dir='ltr'><strong>quo</strong></span> 
     </span>
     <span class='ocr_line' id='line_1_4' title="bbox 64 903 1117 996; baseline 0.015 -31"><span class='ocrx_word' id='word_1_17' title='bbox 64 923 190 966; x_wconf 85' lang='lat' dir='ltr'><strong>nomen</strong></span> <span class='ocrx_word' id='word_1_18' title='bbox 213 903 256 968; x_wconf 84' lang='lat' dir='ltr'><strong>ab</strong></span> <span class='ocrx_word' id='word_1_19' title='bbox 279 907 432 971; x_wconf 79' lang='lat' dir='ltr'><strong>emtione</strong></span> <span class='ocrx_word' id='word_1_20' title='bbox 461 907 682 993; x_wconf 64' lang='lat' dir='ltr'><strong>seiungerutl,</strong></span> <span class='ocrx_word' id='word_1_21' title='bbox 708 907 791 975; x_wconf 92' lang='lat' dir='ltr'><strong>illud</strong></span> <span class='ocrx_word' id='word_1_22' title='bbox 817 932 952 996; x_wconf 74' lang='lat' dir='ltr'><strong>quoque</strong></span> <span class='ocrx_word' id='word_1_23' title='bbox 975 910 1117 985; x_wconf 57' lang='lat' dir='ltr'><strong>haunt</strong></span> 
     </span>
     <span class='ocr_line' id='line_1_5' title="bbox 65 991 1112 1085; baseline 0.013 -31"><span class='ocrx_word' id='word_1_24' title='bbox 65 1011 126 1054; x_wconf 86' lang='lat' dir='ltr'><strong>cur</strong></span> <span class='ocrx_word' id='word_1_25' title='bbox 154 991 201 1055; x_wconf 86' lang='lat' dir='ltr'><strong>sit</strong></span> <span class='ocrx_word' id='word_1_26' title='bbox 228 992 376 1059; x_wconf 87' lang='lat' dir='ltr'><strong>additum</strong></span> <span class='ocrx_word' id='word_1_27' title='bbox 404 995 494 1080; x_wconf 89' lang='lat' dir='ltr'><strong>quod</strong></span> <span class='ocrx_word' id='word_1_28' title='bbox 517 995 648 1062; x_wconf 81' lang='lat' dir='ltr'><strong>dictum</strong></span> <span class='ocrx_word' id='word_1_29' title='bbox 671 1004 725 1062; x_wconf 78' lang='lat' dir='ltr'><strong>est</strong></span> <span class='ocrx_word' id='word_1_30' title='bbox 749 999 966 1065; x_wconf 78' lang='lat' dir='ltr'><strong>seeundum</strong></span> <span class='ocrx_word' id='word_1_31' title='bbox 989 1000 1112 1085; x_wconf 74' lang='lat' dir='ltr'><strong>niuei·</strong></span> 
     </span>
     <span class='ocr_line' id='line_1_6' title="bbox 63 1082 1149 1173; baseline 0.012 -30"><span class='ocrx_word' id='word_1_32' title='bbox 63 1082 157 1144; x_wconf 89' lang='lat' dir='ltr'><strong>tnm.</strong></span> <span class='ocrx_word' id='word_1_33' title='bbox 203 1101 281 1146; x_wconf 91' lang='lat' dir='ltr'><strong>nam</strong></span> <span class='ocrx_word' id='word_1_34' title='bbox 308 1082 469 1167; x_wconf 88' lang='lat' dir='ltr'><strong>quoniam</strong></span> <span class='ocrx_word' id='word_1_35' title='bbox 497 1083 596 1148; x_wconf 82' lang='lat' dir='ltr'><strong>nulla</strong></span> <span class='ocrx_word' id='word_1_36' title='bbox 626 1084 800 1151; x_wconf 77' lang='lat' dir='ltr'><strong>nominum</strong></span> <span class='ocrx_word' id='word_1_37' title='bbox 827 1088 1033 1173; x_wconf 71' lang='lat' dir='ltr'><strong>significatio</strong></span> <span class='ocrx_word' id='word_1_38' title='bbox 1055 1108 1149 1158; x_wconf 64' lang='lat' dir='ltr'><strong>nas</strong></span> 
     </span>
     <span class='ocr_line' id='line_1_7' title="bbox 62 1167 1110 1259; baseline 0.012 -28"><span class='ocrx_word' id='word_1_39' title='bbox 62 1167 221 1232; x_wconf 85' lang='lat' dir='ltr'><strong>turalitor</strong></span> <span class='ocrx_word' id='word_1_40' title='bbox 242 1173 303 1252; x_wconf 75' lang='lat' dir='ltr'><strong>est,</strong></span> <span class='ocrx_word' id='word_1_41' title='bbox 324 1169 385 1237; x_wconf 80' lang='lat' dir='ltr'><strong>ssd</strong></span> <span class='ocrx_word' id='word_1_42' title='bbox 408 1192 509 1237; x_wconf 79' lang='lat' dir='ltr'><strong>omne</strong></span> <span class='ocrx_word' id='word_1_43' title='bbox 531 1191 656 1237; x_wconf 88' lang='lat' dir='ltr'><strong>nomen</strong></span> <span class='ocrx_word' id='word_1_44' title='bbox 680 1172 847 1255; x_wconf 75' lang='lat' dir='ltr'><strong>positione</strong></span> <span class='ocrx_word' id='word_1_45' title='bbox 870 1174 1043 1259; x_wconf 53' lang='lat' dir='ltr'><strong>designa,</strong></span> <span class='ocrx_word' id='word_1_46' title='bbox 1065 1178 1110 1245; x_wconf 86' lang='lat' dir='ltr'><strong>id·</strong></span> 
     </span>
     <span class='ocr_line' id='line_1_8' title="bbox 61 1255 1111 1349; baseline 0.007 -29"><span class='ocrx_word' id='word_1_47' title='bbox 61 1257 152 1320; x_wconf 86' lang='lat' dir='ltr'><strong>eiroo</strong></span> <span class='ocrx_word' id='word_1_48' title='bbox 174 1255 299 1322; x_wconf 87' lang='lat' dir='ltr'><strong>dietum</strong></span> <span class='ocrx_word' id='word_1_49' title='bbox 320 1262 374 1323; x_wconf 84' lang='lat' dir='ltr'><strong>est</strong></span> <span class='ocrx_word' id='word_1_50' title='bbox 397 1258 583 1324; x_wconf 84' lang='lat' dir='ltr'><strong>seeundum</strong></span> <span class='ocrx_word' id='word_1_51' title='bbox 606 1258 781 1341; x_wconf 75' lang='lat' dir='ltr'><strong>placitum.</strong></span> <span class='ocrx_word' id='word_1_52' title='bbox 817 1261 907 1344; x_wconf 90' lang='lat' dir='ltr'><strong>quod</strong></span> <span class='ocrx_word' id='word_1_53' title='bbox 930 1262 1022 1327; x_wconf 75' lang='lat' dir='ltr'><strong>enim</strong></span> <span class='ocrx_word' id='word_1_54' title='bbox 1043 1266 1111 1349; x_wconf 72' lang='lat' dir='ltr'><strong>pln-</strong></span> 
     </span>
     <span class='ocr_line' id='line_1_9' title="bbox 61 1343 1111 1429; baseline 0.01 -22"><span class='ocrx_word' id='word_1_55' title='bbox 61 1344 134 1408; x_wconf 86' lang='lat' dir='ltr'><strong>ouit</strong></span> <span class='ocrx_word' id='word_1_56' title='bbox 157 1343 190 1407; x_wconf 91' lang='lat' dir='ltr'><strong>ei</strong></span> <span class='ocrx_word' id='word_1_57' title='bbox 212 1345 268 1428; x_wconf 89' lang='lat' dir='ltr'><strong>qni</strong></span> <span class='ocrx_word' id='word_1_58' title='bbox 290 1345 421 1428; x_wconf 81' lang='lat' dir='ltr'><strong>primns</strong></span> <span class='ocrx_word' id='word_1_59' title='bbox 444 1345 587 1410; x_wconf 81' lang='lat' dir='ltr'><strong>nomina</strong></span> <span class='ocrx_word' id='word_1_60' title='bbox 610 1344 732 1409; x_wconf 78' lang='lat' dir='ltr'><strong>indidit</strong></span> <span class='ocrx_word' id='word_1_61' title='bbox 754 1346 863 1429; x_wconf 71' lang='lat' dir='ltr'><strong>rebus,</strong></span> <span class='ocrx_word' id='word_1_62' title='bbox 886 1346 951 1412; x_wconf 80' lang='lat' dir='ltr'><strong>hou</strong></span> <span class='ocrx_word' id='word_1_63' title='bbox 971 1348 1037 1413; x_wconf 86' lang='lat' dir='ltr'><strong>illis</strong></span> <span class='ocrx_word' id='word_1_64' title='bbox 1056 1374 1111 1419; x_wconf 75' lang='lat' dir='ltr'><strong>ro·</strong></span> 
     </span>
     <span class='ocr_line' id='line_1_10' title="bbox 62 1430 1109 1517; baseline 0.011 -22"><span class='ocrx_word' id='word_1_65' title='bbox 62 1431 195 1496; x_wconf 85' lang='lat' dir='ltr'><strong>oabnlis</strong></span> <span class='ocrx_word' id='word_1_66' title='bbox 217 1430 421 1517; x_wconf 80' lang='lat' dir='ltr'><strong>designatur.</strong></span> <span class='ocrx_word' id='word_1_67' title='bbox 453 1452 519 1517; x_wconf 78' lang='lat' dir='ltr'><strong>age</strong></span> <span class='ocrx_word' id='word_1_68' title='bbox 540 1432 633 1497; x_wconf 78' lang='lat' dir='ltr'><strong>enim</strong></span> <span class='ocrx_word' id='word_1_69' title='bbox 656 1433 731 1517; x_wconf 87' lang='lat' dir='ltr'><strong>quis</strong></span> <span class='ocrx_word' id='word_1_70' title='bbox 754 1434 955 1501; x_wconf 76' lang='lat' dir='ltr'><strong>naturaliter</strong></span> <span class='ocrx_word' id='word_1_71' title='bbox 969 1440 1109 1507; x_wconf 78' lang='lat' dir='ltr'><strong>&#39;nomiuu</strong></span> 
     </span>
     <span class='ocr_line' id='line_1_11' title="bbox 62 1518 1164 1609; baseline 0.01 -27"><span class='ocrx_word' id='word_1_72' title='bbox 62 1539 140 1583; x_wconf 84' lang='lat' dir='ltr'><strong>esse</strong></span> <span class='ocrx_word' id='word_1_73' title='bbox 168 1518 355 1602; x_wconf 75' lang='lat' dir='ltr'><strong>confirmet,</strong></span> <span class='ocrx_word' id='word_1_74' title='bbox 387 1542 530 1604; x_wconf 90' lang='lat' dir='ltr'><strong>quorum</strong></span> <span class='ocrx_word' id='word_1_75' title='bbox 561 1519 651 1604; x_wconf 84' lang='lat' dir='ltr'><strong>apud</strong></span> <span class='ocrx_word' id='word_1_76' title='bbox 679 1542 794 1587; x_wconf 83' lang='lat' dir='ltr'><strong>omnes</strong></span> <span class='ocrx_word' id='word_1_77' title='bbox 820 1528 941 1609; x_wconf 69' lang='lat' dir='ltr'><strong>gentes</strong></span> <span class='ocrx_word' id='word_1_78' title='bbox 964 1530 1014 1589; x_wconf 80' lang='lat' dir='ltr'><strong>est</strong></span> <span class='ocrx_word' id='word_1_79' title='bbox 1038 1532 1108 1595; x_wconf 81' lang='lat' dir='ltr'><strong>taur</strong></span> <span class='ocrx_word' id='word_1_80' title='bbox 1130 1546 1164 1593; x_wconf 80' lang='lat' dir='ltr'><strong>te</strong></span> 
     </span>
     <span class='ocr_line' id='line_1_12' title="bbox 62 1606 1106 1696; baseline 0.011 -26"><span class='ocrx_word' id='word_1_81' title='bbox 62 1606 199 1671; x_wconf 78' lang='lat' dir='ltr'><strong>diversa</strong></span> <span class='ocrx_word' id='word_1_82' title='bbox 228 1608 396 1674; x_wconf 81' lang='lat' dir='ltr'><strong>varietas?</strong></span> <span class='ocrx_word' id='word_1_83' title='bbox 441 1630 503 1675; x_wconf 79' lang='lat' dir='ltr'><strong>neo</strong></span> <span class='ocrx_word' id='word_1_84' title='bbox 535 1630 615 1675; x_wconf 76' lang='lat' dir='ltr'><strong>reno</strong></span> <span class='ocrx_word' id='word_1_85' title='bbox 646 1608 767 1676; x_wconf 82' lang='lat' dir='ltr'><strong>dieitur</strong></span> <span class='ocrx_word' id='word_1_86' title='bbox 796 1612 885 1696; x_wconf 92' lang='lat' dir='ltr'><strong>quod</strong></span> <span class='ocrx_word' id='word_1_87' title='bbox 917 1612 1012 1679; x_wconf 82' lang='lat' dir='ltr'><strong>nullu</strong></span> <span class='ocrx_word' id='word_1_88' title='bbox 1043 1637 1106 1683; x_wconf 78' lang='lat' dir='ltr'><strong>ror</strong></span> 
     </span>
     <span class='ocr_line' id='line_1_13' title="bbox 60 1695 1106 1784; baseline 0.01 -25"><span class='ocrx_word' id='word_1_89' title='bbox 60 1695 263 1760; x_wconf 79' lang='lat' dir='ltr'><strong>naturaliter</strong></span> <span class='ocrx_word' id='word_1_90' title='bbox 293 1696 418 1782; x_wconf 87' lang='lat' dir='ltr'><strong>aliquid</strong></span> <span class='ocrx_word' id='word_1_91' title='bbox 450 1697 620 1783; x_wconf 78' lang='lat' dir='ltr'><strong>designet,</strong></span> <span class='ocrx_word' id='word_1_92' title='bbox 657 1697 718 1763; x_wconf 81' lang='lat' dir='ltr'><strong>sed</strong></span> <span class='ocrx_word' id='word_1_93' title='bbox 749 1698 837 1784; x_wconf 93' lang='lat' dir='ltr'><strong>quod</strong></span> <span class='ocrx_word' id='word_1_94' title='bbox 869 1700 1008 1767; x_wconf 78' lang='lat' dir='ltr'><strong>nomine</strong></span> <span class='ocrx_word' id='word_1_95' title='bbox 1038 1724 1106 1770; x_wconf 89' lang='lat' dir='ltr'><strong>nou</strong></span> 
     </span>
     <span class='ocr_line' id='line_1_14' title="bbox 59 1783 1105 1891; baseline 0.01 -43"><span class='ocrx_word' id='word_1_96' title='bbox 59 1783 273 1868; x_wconf 66' lang='lat' dir='ltr'><strong>naturaliter,</strong></span> <span class='ocrx_word' id='word_1_97' title='bbox 306 1784 366 1851; x_wconf 92' lang='lat' dir='ltr'><strong>sed</strong></span> <span class='ocrx_word' id='word_1_98' title='bbox 397 1786 569 1870; x_wconf 86' lang='lat' dir='ltr'><strong>positione</strong></span> <span class='ocrx_word' id='word_1_99' title='bbox 601 1786 801 1872; x_wconf 77' lang='lat' dir='ltr'><strong>significent</strong></span> <span class='ocrx_word' id='word_1_100' title='bbox 846 1789 953 1891; x_wconf 75' lang='lat' dir='ltr'><strong>aliqui</strong></span> <span class='ocrx_word' id='word_1_101' title='bbox 981 1788 1105 1859; x_wconf 83' lang='lat' dir='ltr'><strong>hubent</strong></span> 
     </span>
     <span class='ocr_line' id='line_1_15' title="bbox 58 1872 1103 1961; baseline 0.009 -24"><span class='ocrx_word' id='word_1_102' title='bbox 58 1872 123 1939; x_wconf 87' lang='lat' dir='ltr'><strong>hoe</strong></span> <span class='ocrx_word' id='word_1_103' title='bbox 156 1873 301 1939; x_wconf 82' lang='lat' dir='ltr'><strong>ferarum</strong></span> <span class='ocrx_word' id='word_1_104' title='bbox 334 1880 572 1959; x_wconf 88' lang='lat' dir='ltr'><strong>mutorumque</strong></span> <span class='ocrx_word' id='word_1_105' title='bbox 608 1874 802 1940; x_wconf 84' lang='lat' dir='ltr'><strong>animalium</strong></span> <span class='ocrx_word' id='word_1_106' title='bbox 838 1897 929 1958; x_wconf 86' lang='lat' dir='ltr'><strong>eom,</strong></span> <span class='ocrx_word' id='word_1_107' title='bbox 965 1898 1103 1961; x_wconf 87' lang='lat' dir='ltr'><strong>quorum</strong></span> 
     </span>
     <span class='ocr_line' id='line_1_16' title="bbox 58 1958 1158 2048; baseline 0.006 -23"><span class='ocrx_word' id='word_1_108' title='bbox 58 1983 123 2027; x_wconf 83' lang='lat' dir='ltr'><strong>vox</strong></span> <span class='ocrx_word' id='word_1_109' title='bbox 153 1960 287 2046; x_wconf 88' lang='lat' dir='ltr'><strong>quidem</strong></span> <span class='ocrx_word' id='word_1_110' title='bbox 316 1962 487 2047; x_wconf 79' lang='lat' dir='ltr'><strong>signifieat</strong></span> <span class='ocrx_word' id='word_1_111' title='bbox 516 1961 643 2048; x_wconf 86' lang='lat' dir='ltr'><strong>aliquid</strong></span> <span class='ocrx_word' id='word_1_112' title='bbox 674 1958 727 2046; x_wconf 88' lang='lat' dir='ltr'><strong>(ut</strong></span> <span class='ocrx_word' id='word_1_113' title='bbox 752 1961 905 2029; x_wconf 79' lang='lat' dir='ltr'><strong>hinnitus</strong></span> <span class='ocrx_word' id='word_1_114' title='bbox 929 1965 1158 2047; x_wconf 74' lang='lat' dir='ltr'><strong>equisonis</strong></span> 
     </span>
     <span class='ocr_line' id='line_1_17' title="bbox 57 2048 1102 2135; baseline 0.003 -20"><span class='ocrx_word' id='word_1_115' title='bbox 57 2050 147 2115; x_wconf 87' lang='lat' dir='ltr'><strong>sueti</strong></span> <span class='ocrx_word' id='word_1_116' title='bbox 180 2050 257 2134; x_wconf 89' lang='lat' dir='ltr'><strong>equi</strong></span> <span class='ocrx_word' id='word_1_117' title='bbox 288 2049 556 2135; x_wconf 78' lang='lat' dir='ltr'><strong>inquisitionem,</strong></span> <span class='ocrx_word' id='word_1_118' title='bbox 589 2049 733 2113; x_wconf 81' lang='lat' dir='ltr'><strong>latratus</strong></span> <span class='ocrx_word' id='word_1_119' title='bbox 763 2070 880 2114; x_wconf 86' lang='lat' dir='ltr'><strong>oenum</strong></span> <span class='ocrx_word' id='word_1_120' title='bbox 912 2048 1102 2119; x_wconf 82' lang='lat' dir='ltr'><strong>latrantium</strong></span> 
     </span>
     <span class='ocr_line' id='line_1_18' title="bbox 56 2134 1101 2220; baseline 0 -17"><span class='ocrx_word' id='word_1_121' title='bbox 56 2138 265 2204; x_wconf 83' lang='lat' dir='ltr'><strong>iracundiam</strong></span> <span class='ocrx_word' id='word_1_122' title='bbox 283 2141 452 2202; x_wconf 88' lang='lat' dir='ltr'><strong>monstrat</strong></span> <span class='ocrx_word' id='word_1_123' title='bbox 470 2140 505 2202; x_wconf 90' lang='lat' dir='ltr'><strong>et</strong></span> <span class='ocrx_word' id='word_1_124' title='bbox 524 2136 591 2200; x_wconf 82' lang='lat' dir='ltr'><strong>alis</strong></span> <span class='ocrx_word' id='word_1_125' title='bbox 609 2134 822 2220; x_wconf 86' lang='lat' dir='ltr'><strong>huiuamodi),</strong></span> <span class='ocrx_word' id='word_1_126' title='bbox 836 2135 894 2201; x_wconf 85' lang='lat' dir='ltr'><strong>sed</strong></span> <span class='ocrx_word' id='word_1_127' title='bbox 913 2157 987 2201; x_wconf 86' lang='lat' dir='ltr'><strong>oum</strong></span> <span class='ocrx_word' id='word_1_128' title='bbox 1006 2160 1101 2205; x_wconf 76' lang='lat' dir='ltr'><strong>veens</strong></span> 
     </span>
     <span class='ocr_line' id='line_1_19' title="bbox 56 2222 1099 2310; baseline 0.003 -20"><span class='ocrx_word' id='word_1_129' title='bbox 56 2230 232 2291; x_wconf 88' lang='lat' dir='ltr'><strong>mutorum</strong></span> <span class='ocrx_word' id='word_1_130' title='bbox 256 2224 451 2289; x_wconf 88' lang='lat' dir='ltr'><strong>animalium</strong></span> <span class='ocrx_word' id='word_1_131' title='bbox 474 2222 612 2308; x_wconf 85' lang='lat' dir='ltr'><strong>propria</strong></span> <span class='ocrx_word' id='word_1_132' title='bbox 634 2227 755 2289; x_wconf 84' lang='lat' dir='ltr'><strong>nutura</strong></span> <span class='ocrx_word' id='word_1_133' title='bbox 778 2224 980 2310; x_wconf 80' lang='lat' dir='ltr'><strong>significent,</strong></span> <span class='ocrx_word' id='word_1_134' title='bbox 1002 2227 1099 2293; x_wconf 80' lang='lat' dir='ltr'><strong>nullis</strong></span> 
     </span>
     <span class='ocr_line' id='line_1_20' title="bbox 56 2311 1099 2383; baseline 0.005 -5"><span class='ocrx_word' id='word_1_135' title='bbox 56 2318 174 2379; x_wconf 87' lang='lat' dir='ltr'><strong>tamen</strong></span> <span class='ocrx_word' id='word_1_136' title='bbox 207 2312 448 2378; x_wconf 87' lang='lat' dir='ltr'><strong>elementorum</strong></span> <span class='ocrx_word' id='word_1_137' title='bbox 479 2311 634 2378; x_wconf 85' lang='lat' dir='ltr'><strong>formulis</strong></span> <span class='ocrx_word' id='word_1_138' title='bbox 667 2312 929 2378; x_wconf 82' lang='lat' dir='ltr'><strong>conscribuntur.</strong></span> <span class='ocrx_word' id='word_1_139' title='bbox 980 2334 1099 2383; x_wconf 85' lang='lat' dir='ltr'><strong>nomeu</strong></span> 
     </span>
     <span class='ocr_line' id='line_1_21' title="bbox 57 2399 1152 2487; baseline -0.003 -20"><span class='ocrx_word' id='word_1_140' title='bbox 57 2425 137 2468; x_wconf 84' lang='lat' dir='ltr'><strong>vero</strong></span> <span class='ocrx_word' id='word_1_141' title='bbox 158 2423 360 2487; x_wconf 90' lang='lat' dir='ltr'><strong>quamquam</strong></span> <span class='ocrx_word' id='word_1_142' title='bbox 375 2401 548 2467; x_wconf 78' lang='lat' dir='ltr'><strong>subiaceat</strong></span> <span class='ocrx_word' id='word_1_143' title='bbox 561 2399 744 2483; x_wconf 86' lang='lat' dir='ltr'><strong>elementis,</strong></span> <span class='ocrx_word' id='word_1_144' title='bbox 758 2400 850 2484; x_wconf 87' lang='lat' dir='ltr'><strong>priua</strong></span> <span class='ocrx_word' id='word_1_145' title='bbox 869 2404 982 2466; x_wconf 71' lang='lat' dir='ltr'><strong>tunm</strong></span> <span class='ocrx_word' id='word_1_146' title='bbox 1001 2423 1098 2486; x_wconf 83' lang='lat' dir='ltr'><strong>quum</strong></span> <span class='ocrx_word' id='word_1_147' title='bbox 1117 2419 1152 2469; x_wconf 76' lang='lat' dir='ltr'><strong>ao</strong></span> 
     </span>
     <span class='ocr_line' id='line_1_22' title="bbox 56 2486 1098 2575; baseline 0 -19"><span class='ocrx_word' id='word_1_148' title='bbox 56 2492 100 2555; x_wconf 93' lang='lat' dir='ltr'><strong>ad</strong></span> <span class='ocrx_word' id='word_1_149' title='bbox 124 2491 273 2575; x_wconf 89' lang='lat' dir='ltr'><strong>aliquam</strong></span> <span class='ocrx_word' id='word_1_150' title='bbox 302 2490 473 2555; x_wconf 73' lang='lat' dir='ltr'><strong>subiectae</strong></span> <span class='ocrx_word' id='word_1_151' title='bbox 501 2487 550 2553; x_wconf 90' lang='lat' dir='ltr'><strong>rei</strong></span> <span class='ocrx_word' id='word_1_152' title='bbox 573 2486 853 2571; x_wconf 77' lang='lat' dir='ltr'><strong>significationem</strong></span> <span class='ocrx_word' id='word_1_153' title='bbox 920 2491 1019 2553; x_wconf 79' lang='lat' dir='ltr'><strong>natur</strong></span> <span class='ocrx_word' id='word_1_154' title='bbox 1040 2511 1098 2573; x_wconf 82' lang='lat' dir='ltr'><strong>per</strong></span> 
     </span>
     <span class='ocr_line' id='line_1_23' title="bbox 56 2571 1097 2657; baseline -0.003 -15"><span class='ocrx_word' id='word_1_155' title='bbox 56 2600 92 2642; x_wconf 88' lang='lat' dir='ltr'><strong>se</strong></span> <span class='ocrx_word' id='word_1_156' title='bbox 123 2577 210 2642; x_wconf 91' lang='lat' dir='ltr'><strong>nihil</strong></span> <span class='ocrx_word' id='word_1_157' title='bbox 243 2576 312 2641; x_wconf 81' lang='lat' dir='ltr'><strong>des‘</strong></span> <span class='ocrx_word' id='word_1_158' title='bbox 363 2579 413 2657; x_wconf 86' lang='lat' dir='ltr'><strong>at,</strong></span> <span class='ocrx_word' id='word_1_159' title='bbox 442 2579 481 2639; x_wconf 93' lang='lat' dir='ltr'><strong>ut</strong></span> <span class='ocrx_word' id='word_1_160' title='bbox 509 2594 585 2640; x_wconf 90' lang='lat' dir='ltr'><strong>oum</strong></span> <span class='ocrx_word' id='word_1_161' title='bbox 614 2571 754 2637; x_wconf 87' lang='lat' dir='ltr'><strong>dioimus</strong></span> <span class='ocrx_word' id='word_1_162' title='bbox 782 2573 866 2637; x_wconf 88' lang='lat' dir='ltr'><strong>eoin</strong></span> <span class='ocrx_word' id='word_1_163' title='bbox 900 2593 1016 2656; x_wconf 86' lang='lat' dir='ltr'><strong>apsos</strong></span> <span class='ocrx_word' id='word_1_164' title='bbox 1045 2576 1097 2642; x_wconf 78' lang='lat' dir='ltr'><strong>vel</strong></span> 
     </span>
     <span class='ocr_line' id='line_1_24' title="bbox 55 2658 1094 2746; baseline -0.002 -16"><span class='ocrx_word' id='word_1_165' title='bbox 55 2662 293 2746; x_wconf 81' lang='lat' dir='ltr'><strong>hereceddy.</strong></span> <span class='ocrx_word' id='word_1_166' title='bbox 347 2683 406 2728; x_wconf 88' lang='lat' dir='ltr'><strong>aee</strong></span> <span class='ocrx_word' id='word_1_167' title='bbox 428 2682 489 2744; x_wconf 88' lang='lat' dir='ltr'><strong>per</strong></span> <span class='ocrx_word' id='word_1_168' title='bbox 507 2681 543 2724; x_wconf 87' lang='lat' dir='ltr'><strong>se</strong></span> <span class='ocrx_word' id='word_1_169' title='bbox 561 2658 647 2723; x_wconf 89' lang='lat' dir='ltr'><strong>nihil</strong></span> <span class='ocrx_word' id='word_1_170' title='bbox 666 2658 798 2743; x_wconf 90' lang='lat' dir='ltr'><strong>quidem</strong></span> <span class='ocrx_word' id='word_1_171' title='bbox 818 2659 1016 2744; x_wconf 73' lang='lat' dir='ltr'><strong>significant,</strong></span> <span class='ocrx_word' id='word_1_172' title='bbox 1039 2663 1094 2729; x_wconf 79' lang='lat' dir='ltr'><strong>sed</strong></span> 
     </span>
     <span class='ocr_line' id='line_1_25' title="bbox 55 2746 1093 2835; baseline 0 -16"><span class='ocrx_word' id='word_1_173' title='bbox 55 2756 84 2819; x_wconf 88' lang='lat' dir='ltr'><strong>si</strong></span> <span class='ocrx_word' id='word_1_174' title='bbox 114 2753 157 2818; x_wconf 88' lang='lat' dir='ltr'><strong>ad</strong></span> <span class='ocrx_word' id='word_1_175' title='bbox 187 2751 356 2817; x_wconf 79' lang='lat' dir='ltr'><strong>subiectae</strong></span> <span class='ocrx_word' id='word_1_176' title='bbox 385 2748 525 2815; x_wconf 81' lang='lat' dir='ltr'><strong>alieuius</strong></span> <span class='ocrx_word' id='word_1_177' title='bbox 548 2746 598 2812; x_wconf 89' lang='lat' dir='ltr'><strong>rei</strong></span> <span class='ocrx_word' id='word_1_178' title='bbox 622 2746 899 2832; x_wconf 77' lang='lat' dir='ltr'><strong>significationem</strong></span> <span class='ocrx_word' id='word_1_179' title='bbox 923 2756 1093 2835; x_wconf 86' lang='lat' dir='ltr'><strong>ponantur,</strong></span> 
     </span>
     <span class='ocr_line' id='line_1_26' title="bbox 53 2835 1146 2922; baseline 0 -14"><span class='ocrx_word' id='word_1_180' title='bbox 53 2848 92 2908; x_wconf 89' lang='lat' dir='ltr'><strong>ut</strong></span> <span class='ocrx_word' id='word_1_181' title='bbox 126 2842 258 2907; x_wconf 78' lang='lat' dir='ltr'><strong>dicatur</strong></span> <span class='ocrx_word' id='word_1_182' title='bbox 291 2839 343 2904; x_wconf 87' lang='lat' dir='ltr'><strong>vel</strong></span> <span class='ocrx_word' id='word_1_183' title='bbox 376 2839 477 2903; x_wconf 90' lang='lat' dir='ltr'><strong>homo</strong></span> <span class='ocrx_word' id='word_1_184' title='bbox 512 2835 747 2920; x_wconf 81' lang='lat' dir='ltr'><strong>scindapsos</strong></span> <span class='ocrx_word' id='word_1_185' title='bbox 781 2836 831 2902; x_wconf 82' lang='lat' dir='ltr'><strong>vel</strong></span> <span class='ocrx_word' id='word_1_186' title='bbox 864 2837 949 2922; x_wconf 84' lang='lat' dir='ltr'><strong>lapis</strong></span> <span class='ocrx_word' id='word_1_187' title='bbox 984 2837 1090 2907; x_wconf 82' lang='lat' dir='ltr'><strong>here·</strong></span> <span class='ocrx_word' id='word_1_188' title='bbox 1111 2858 1146 2908; x_wconf 81' lang='lat' dir='ltr'><strong>ue</strong></span> 
     </span>
     <span class='ocr_line' id='line_1_27' title="bbox 52 2924 1091 3015; baseline -0.001 -17"><span class='ocrx_word' id='word_1_189' title='bbox 52 2931 196 3015; x_wconf 83' lang='lat' dir='ltr'><strong>oeddy,</strong></span> <span class='ocrx_word' id='word_1_190' title='bbox 217 2933 296 2995; x_wconf 85' lang='lat' dir='ltr'><strong>tune</strong></span> <span class='ocrx_word' id='word_1_191' title='bbox 315 2927 379 2994; x_wconf 89' lang='lat' dir='ltr'><strong>hoo</strong></span> <span class='ocrx_word' id='word_1_192' title='bbox 398 2925 488 3012; x_wconf 89' lang='lat' dir='ltr'><strong>quod</strong></span> <span class='ocrx_word' id='word_1_193' title='bbox 505 2947 565 3010; x_wconf 87' lang='lat' dir='ltr'><strong>per</strong></span> <span class='ocrx_word' id='word_1_194' title='bbox 585 2946 620 2990; x_wconf 88' lang='lat' dir='ltr'><strong>se</strong></span> <span class='ocrx_word' id='word_1_195' title='bbox 639 2924 721 2991; x_wconf 92' lang='lat' dir='ltr'><strong>nihil</strong></span> <span class='ocrx_word' id='word_1_196' title='bbox 742 2924 910 3013; x_wconf 81' lang='lat' dir='ltr'><strong>signifieat</strong></span> <span class='ocrx_word' id='word_1_197' title='bbox 928 2927 1091 3012; x_wconf 83' lang='lat' dir='ltr'><strong>positione</strong></span> 
     </span>
     <span class='ocr_line' id='line_1_28' title="bbox 51 3012 1089 3101; baseline -0.002 -14"><span class='ocrx_word' id='word_1_198' title='bbox 51 3026 86 3087; x_wconf 89' lang='lat' dir='ltr'><strong>et</strong></span> <span class='ocrx_word' id='word_1_199' title='bbox 118 3018 301 3086; x_wconf 86' lang='lat' dir='ltr'><strong>seeundum</strong></span> <span class='ocrx_word' id='word_1_200' title='bbox 330 3016 487 3101; x_wconf 85' lang='lat' dir='ltr'><strong>ponentis</strong></span> <span class='ocrx_word' id='word_1_201' title='bbox 516 3012 681 3099; x_wconf 87' lang='lat' dir='ltr'><strong>quoddam</strong></span> <span class='ocrx_word' id='word_1_202' title='bbox 709 3013 866 3099; x_wconf 87' lang='lat' dir='ltr'><strong>plaoitum</strong></span> <span class='ocrx_word' id='word_1_203' title='bbox 896 3014 1089 3101; x_wconf 81' lang='lat' dir='ltr'><strong>designabit.</strong></span> 
     </span>
     <span class='ocr_line' id='line_1_29' title="bbox 53 3101 1088 3190; baseline -0.003 -15"><span class='ocrx_word' id='word_1_204' title='bbox 53 3132 89 3175; x_wconf 88' lang='lat' dir='ltr'><strong>er</strong></span> <span class='ocrx_word' id='word_1_205' title='bbox 115 3132 135 3175; x_wconf 92' lang='lat' dir='ltr'><strong>o</strong></span> <span class='ocrx_word' id='word_1_206' title='bbox 159 3113 232 3173; x_wconf 92' lang='lat' dir='ltr'><strong>tum</strong></span> <span class='ocrx_word' id='word_1_207' title='bbox 256 3127 377 3172; x_wconf 92' lang='lat' dir='ltr'><strong>nomen</strong></span> <span class='ocrx_word' id='word_1_208' title='bbox 404 3103 658 3190; x_wconf 75' lang='lat' dir='ltr'><strong>significativum</strong></span> <span class='ocrx_word' id='word_1_209' title='bbox 682 3107 746 3187; x_wconf 87' lang='lat' dir='ltr'><strong>est,</strong></span> <span class='ocrx_word' id='word_1_210' title='bbox 769 3103 922 3188; x_wconf 86' lang='lat' dir='ltr'><strong>quando</strong></span> <span class='ocrx_word' id='word_1_211' title='bbox 945 3101 996 3189; x_wconf 88' lang='lat' dir='ltr'><strong>(ut</strong></span> <span class='ocrx_word' id='word_1_212' title='bbox 1019 3105 1088 3190; x_wconf 84' lang='lat' dir='ltr'><strong>ipse</strong></span> 
     </span>
     <span class='ocr_line' id='line_1_30' title="bbox 35 3191 1086 3275; baseline -0.002 -13"><span class='ocrx_word' id='word_1_213' title='bbox 35 3199 100 3263; x_wconf 80' lang='lat' dir='ltr'><strong>ait</strong></span> <span class='ocrx_word' id='word_1_214' title='bbox 148 3196 201 3261; x_wconf 84' lang='lat' dir='ltr'><strong>fit</strong></span> <span class='ocrx_word' id='word_1_215' title='bbox 233 3198 338 3260; x_wconf 84' lang='lat' dir='ltr'><strong>nota.</strong></span> <span class='ocrx_word' id='word_1_216' title='bbox 391 3198 471 3259; x_wconf 86' lang='lat' dir='ltr'><strong>tuno</strong></span> <span class='ocrx_word' id='word_1_217' title='bbox 496 3194 608 3257; x_wconf 90' lang='lat' dir='ltr'><strong>autem</strong></span> <span class='ocrx_word' id='word_1_218' title='bbox 631 3191 670 3256; x_wconf 87' lang='lat' dir='ltr'><strong>fit</strong></span> <span class='ocrx_word' id='word_1_219' title='bbox 691 3194 785 3275; x_wconf 86' lang='lat' dir='ltr'><strong>nota,</strong></span> <span class='ocrx_word' id='word_1_220' title='bbox 809 3212 883 3257; x_wconf 91' lang='lat' dir='ltr'><strong>oum</strong></span> <span class='ocrx_word' id='word_1_221' title='bbox 912 3192 1086 3261; x_wconf 85' lang='lat' dir='ltr'><strong>seeundum</strong></span> 
     </span>
     <span class='ocr_line' id='line_1_31' title="bbox 50 3278 1140 3371; baseline -0.004 -22"><span class='ocrx_word' id='word_1_222' title='bbox 50 3284 210 3371; x_wconf 86' lang='lat' dir='ltr'><strong>ponentis</strong></span> <span class='ocrx_word' id='word_1_223' title='bbox 243 3283 403 3366; x_wconf 83' lang='lat' dir='ltr'><strong>placitum</strong></span> <span class='ocrx_word' id='word_1_224' title='bbox 437 3279 635 3345; x_wconf 85' lang='lat' dir='ltr'><strong>vocabulum</strong></span> <span class='ocrx_word' id='word_1_225' title='bbox 664 3280 750 3365; x_wconf 90' lang='lat' dir='ltr'><strong>quod</strong></span> <span class='ocrx_word' id='word_1_226' title='bbox 777 3278 973 3346; x_wconf 84' lang='lat' dir='ltr'><strong>naturaliter</strong></span> <span class='ocrx_word' id='word_1_227' title='bbox 1003 3280 1085 3347; x_wconf 90' lang='lat' dir='ltr'><strong>nihil</strong></span> <span class='ocrx_word' id='word_1_228' title='bbox 1104 3298 1140 3347; x_wconf 83' lang='lat' dir='ltr'><strong>ee</strong></span> 
     </span>
    </p>
   </div>
   <div class='ocr_carea' id='block_1_3' title="bbox 50 3366 1084 3459">
    <p class='ocr_par' dir='ltr' id='par_1_3' title="bbox 50 3366 1084 3459">
     <span class='ocr_line' id='line_1_32' title="bbox 50 3366 1084 3459; baseline -0.006 -19"><span class='ocrx_word' id='word_1_229' title='bbox 50 3372 254 3459; x_wconf 84' lang='lat' dir='ltr'><strong>designabat</strong></span> <span class='ocrx_word' id='word_1_230' title='bbox 278 3370 319 3435; x_wconf 90' lang='lat' dir='ltr'><strong>ad</strong></span> <span class='ocrx_word' id='word_1_231' title='bbox 343 3370 510 3435; x_wconf 82' lang='lat' dir='ltr'><strong>subiectae</strong></span> <span class='ocrx_word' id='word_1_232' title='bbox 529 3368 578 3433; x_wconf 87' lang='lat' dir='ltr'><strong>rei</strong></span> <span class='ocrx_word' id='word_1_233' title='bbox 597 3368 871 3453; x_wconf 81' lang='lat' dir='ltr'><strong>significationem</strong></span> <span class='ocrx_word' id='word_1_234' title='bbox 890 3367 994 3433; x_wconf 88' lang='lat' dir='ltr'><strong>datur.</strong></span> <span class='ocrx_word' id='word_1_235' title='bbox 1023 3366 1084 3433; x_wconf 91' lang='lat' dir='ltr'><strong>hoo</strong></span> 
     </span>
    </p>
   </div>
   <div class='ocr_carea' id='block_1_4' title="bbox 47 3538 1081 3903">
    <p class='ocr_par' dir='ltr' id='par_1_4' title="bbox 47 3538 1081 3903">
     <span class='ocr_line' id='line_1_33' title="bbox 124 3538 1081 3625; baseline -0.002 -23"><span class='ocrx_word' id='word_1_236' title='bbox 124 3553 220 3616; x_wconf 67' lang='lat' dir='ltr'><strong>aquo</strong></span> <span class='ocrx_word' id='word_1_237' title='bbox 241 3543 274 3598; x_wconf 72' lang='lat'><strong>8¹</strong></span> <span class='ocrx_word' id='word_1_238' title='bbox 332 3550 364 3599; x_wconf 80' lang='lat'><strong>13</strong></span> <span class='ocrx_word' id='word_1_239' title='bbox 386 3541 528 3610; x_wconf 87' lang='lat' dir='ltr'><strong>alioquib</strong></span> <span class='ocrx_word' id='word_1_240' title='bbox 587 3540 779 3599; x_wconf 70' lang='lat' dir='ltr'><strong>ieiunitas</strong></span> <span class='ocrx_word' id='word_1_241' title='bbox 838 3544 869 3595; x_wconf 85' lang='lat'><strong>18</strong></span> <span class='ocrx_word' id='word_1_242' title='bbox 890 3538 1081 3625; x_wconf 71' lang='lat' dir='ltr'><strong>siqnidoaut&#39;l&#39;</strong></span> 
     </span>
     <span class='ocr_line' id='line_1_34' title="bbox 48 3609 1059 3737; baseline -0.006 -62"><span class='ocrx_word' id='word_1_243' title='bbox 48 3625 92 3676; x_wconf 81' lang='lat'><strong>21.</strong></span> <span class='ocrx_word' id='word_1_244' title='bbox 113 3624 149 3675; x_wconf 71' lang='lat'><strong>22</strong></span> <span class='ocrx_word' id='word_1_245' title='bbox 168 3633 223 3688; x_wconf 84' lang='lat' dir='ltr'><strong>per</strong></span> <span class='ocrx_word' id='word_1_246' title='bbox 242 3632 273 3670; x_wconf 92' lang='lat' dir='ltr'><strong>se</strong></span> <span class='ocrx_word' id='word_1_247' title='bbox 291 3631 326 3672; x_wconf 78' lang='lat' dir='ltr'><strong>eu</strong></span> <span class='ocrx_word' id='word_1_248' title='bbox 345 3629 429 3684; x_wconf 85' lang='lat' dir='ltr'><strong>posse</strong></span> <span class='ocrx_word' id='word_1_249' title='bbox 448 3628 518 3692; x_wconf 76' lang='lat' dir='ltr'><strong>corr.</strong></span> <span class='ocrx_word' id='word_1_250' title='bbox 539 3609 573 3665; x_wconf 75' lang='lat'><strong>8¹</strong></span> <span class='ocrx_word' id='word_1_251' title='bbox 645 3617 679 3666; x_wconf 73' lang='lat'><strong>22</strong></span> <span class='ocrx_word' id='word_1_252' title='bbox 698 3610 848 3681; x_wconf 78' lang='lat' dir='ltr'><strong>sindepauu</strong></span> <span class='ocrx_word' id='word_1_253' title='bbox 866 3609 889 3665; x_wconf 89' lang='grc' dir='ltr'>Τ</span> <span class='ocrx_word' id='word_1_254' title='bbox 908 3612 981 3737; x_wconf 62' lang='lat' dir='ltr'><strong>qtem</strong></span> <span class='ocrx_word' id='word_1_255' title='bbox 1000 3618 1059 3697; x_wconf 73' lang='lat' dir='ltr'><strong>tt)¹</strong></span> 
     </span>
     <span class='ocr_line' id='line_1_35' title="bbox 47 3680 1081 3752; baseline -0.006 -5"><span class='ocrx_word' id='word_1_256' title='bbox 47 3697 83 3747; x_wconf 79' lang='lat'><strong>23</strong></span> <span class='ocrx_word' id='word_1_257' title='bbox 104 3686 297 3746; x_wconf 84' lang='lat' dir='ltr'><strong>hereoethiT</strong></span> <span class='ocrx_word' id='word_1_258' title='bbox 386 3689 421 3737; x_wconf 74' lang='lat'><strong>26</strong></span> <span class='ocrx_word' id='word_1_259' title='bbox 442 3682 608 3752; x_wconf 81' lang='lat' dir='ltr'><strong>so1ndapsus</strong></span> <span class='ocrx_word' id='word_1_260' title='bbox 628 3680 706 3736; x_wconf 71' lang='lat' dir='ltr'><strong>SPE</strong></span> <span class='ocrx_word' id='word_1_261' title='bbox 797 3684 840 3735; x_wconf 69' lang='lat' dir='ltr'><strong>ab.</strong></span> <span class='ocrx_word' id='word_1_262' title='bbox 860 3685 894 3737; x_wconf 75' lang='lat' dir='ltr'><strong>tt</strong></span> <span class='ocrx_word' id='word_1_263' title='bbox 934 3684 1081 3741; x_wconf 77' lang='lat' dir='ltr'><strong>sreoeddru</strong></span> 
     </span>
     <span class='ocr_line' id='line_1_36' title="bbox 48 3748 1079 3830; baseline -0.009 -12"><span class='ocrx_word' id='word_1_264' title='bbox 48 3761 105 3830; x_wconf 67' lang='grc' dir='ltr'><strong>ΒΕ,</strong></span> <span class='ocrx_word' id='word_1_265' title='bbox 124 3756 294 3816; x_wconf 86' lang='lat' dir='ltr'><strong>hereoethin</strong></span> <span class='ocrx_word' id='word_1_266' title='bbox 308 3755 340 3824; x_wconf 86' lang='grc' dir='ltr'><strong>Τ,</strong></span> <span class='ocrx_word' id='word_1_267' title='bbox 359 3750 582 3822; x_wconf 79' lang='lat' dir='ltr'><strong>hereoeddynll</strong></span> <span class='ocrx_word' id='word_1_268' title='bbox 674 3756 708 3807; x_wconf 72' lang='grc'><strong>27</strong></span> <span class='ocrx_word' id='word_1_269' title='bbox 728 3748 888 3821; x_wconf 70' lang='lat' dir='ltr'><strong>designabit</strong></span> <span class='ocrx_word' id='word_1_270' title='bbox 899 3782 932 3795; x_wconf 93' lang='lat'>-</span> <span class='ocrx_word' id='word_1_271' title='bbox 942 3752 1079 3823; x_wconf 80' lang='lat' dir='ltr'><strong>placitum</strong></span> 
     </span>
     <span class='ocr_line' id='line_1_37' title="bbox 47 3819 877 3903; baseline -0.01 -16"><span class='ocrx_word' id='word_1_272' title='bbox 47 3834 105 3903; x_wconf 80' lang='lat'>(30)</span> <span class='ocrx_word' id='word_1_273' title='bbox 124 3832 159 3887; x_wconf 74' lang='lat' dir='ltr'><strong>ie</strong></span> <span class='ocrx_word' id='word_1_274' title='bbox 177 3826 307 3900; x_wconf 62' lang='lat' dir='ltr'><strong>moral*</strong></span> <span class='ocrx_word' id='word_1_275' title='bbox 383 3819 546 3890; x_wconf 78' lang='lat' dir='ltr'><strong>designauit</strong></span> <span class='ocrx_word' id='word_1_276' title='bbox 565 3819 668 3875; x_wconf 76' lang='lat' dir='ltr'><strong>S¹FE¹</strong></span> <span class='ocrx_word' id='word_1_277' title='bbox 740 3823 774 3876; x_wconf 69' lang='lat'><strong>28</strong></span> <span class='ocrx_word' id='word_1_278' title='bbox 794 3820 877 3879; x_wconf 79' lang='lat' dir='ltr'><strong>utiT</strong></span> 
     </span>
    </p>
   </div>
   <div class='ocr_carea' id='block_1_5' title="bbox 0 0 1198 4342">
    <p class='ocr_par' dir='ltr' id='par_1_5' title="bbox 0 0 1198 4342">
     <span class='ocr_line' id='line_1_38' title="bbox 0 0 1198 4342; baseline 0 6"><span class='ocrx_word' id='word_1_279' title='bbox 0 0 1198 4342; x_wconf 95' lang='lat' dir='ltr'><strong> </strong></span> 
     </span>
    </p>
   </div>
  </div>
 </body>
</html>
