2386 4342
527 606 540 661 1
559 623 581 663 o.
602 611 626 660 1.
1039 604 1080 672 19

64 753 204 818 firmatio
222 755 333 837 potest
351 755 384 817 et
402 751 534 837 negatio
553 752 732 835 provenire,
746 751 837 835 prins
852 772 921 815 esse
934 753 1081 836 negatio,

63 846 178 926 postea
190 863 266 907 vero
282 840 464 905 adfirmatio
478 843 594 924 potest,
612 843 650 905 ut
668 841 707 905 de
727 838 859 905 Socrate
878 862 996 905 sanus
1015 845 1081 905 est

63 933 173 1014 potest
191 931 221 994 ei
239 930 345 1014 aptari
367 928 445 995 talis
466 929 657 1013 adfirmatio,
680 933 717 993 ut
740 929 778 994 de
802 950 840 994 eo
863 929 990 994 dicatur
1013 927 1082 993 So·

63 1022 189 1084 crates
213 1040 329 1083 sanus
353 1022 425 1104 est,
448 1018 546 1082 etiam
568 1017 754 1083 huiusmodi
771 1022 880 1101 potest
899 1018 1005 1103 aptari
1023 1039 1079 1082 ne-

63 1107 162 1192 gatio,
175 1111 213 1171 ut
232 1107 271 1171 de
290 1128 329 1172 eo
343 1107 469 1172 dicatur
483 1105 662 1171 Socrates
682 1127 798 1171 sanus
816 1128 892 1172 non
911 1110 978 1171 est.
1002 1128 1079 1190 quo·
1098 1118 1115 1169 5

62 1195 151 1260 niam
165 1215 242 1280 ergo
260 1197 296 1259 in
314 1216 387 1260 eum
406 1195 587 1259 adfirmatio
606 1198 640 1258 et
656 1195 789 1279 negatio
803 1195 924 1276 poterit
942 1196 1080 1279 evenire,

62 1284 153 1368 prius
177 1284 285 1348 evenit
306 1288 344 1348 ut
368 1285 412 1348 sit
432 1282 567 1367 negatio
590 1302 688 1365 quam
710 1285 749 1344 ut
771 1280 963 1347 adfirmatio.
1002 1287 1080 1347 ante

64 1372 153 1436 enim
175 1392 273 1455 quam
296 1374 395 1434 natus
414 1373 515 1434 esset:
539 1368 595 1453 qui
613 1369 701 1432 enim
718 1371 815 1432 natus
834 1389 901 1433 non
920 1372 998 1453 erat,
1020 1390 1081 1434 nec

64 1480 135 1524 esse
157 1462 287 1542 poterat
310 1478 416 1521 sanus.
453 1456 529 1520 huic
550 1456 629 1521 illud
653 1457 784 1521 adiecit:
808 1478 933 1521 servare
952 1457 1079 1522 Aristo-

64 1547 164 1610 telem
191 1566 380 1610 conversam
407 1544 640 1630 propositionis
668 1550 701 1610 et
729 1546 944 1612 exsecutionis
973 1546 1080 1612 diatri-
1099 1563 1132 1611 10

65 1633 242 1699 tutionem.
289 1634 341 1699 hic
365 1636 452 1698 enim
474 1635 563 1719 prius
586 1639 662 1719 post
683 1656 803 1700 nomen
826 1638 859 1700 et
881 1636 1016 1699 verbum
1040 1635 1078 1700 de

61 1723 235 1807 negatione
257 1724 441 1808 proposuit,
468 1727 544 1808 post
567 1723 606 1788 de
629 1724 868 1807 adfirmatione,
900 1722 1016 1788 dehinc
1039 1724 1078 1788 de

63 1813 295 1896 enuntiatione,
316 1816 482 1897 postremo
500 1834 577 1877 vero
597 1813 636 1876 de
655 1814 811 1896 oratione,
835 1811 892 1876 sed
910 1813 1079 1897 proposita

63 1901 216 1966 definiens
244 1901 334 1985 prius
358 1902 551 1985 orationem,
578 1906 655 1984 post
677 1900 948 1985 enuntiationem,
979 1903 1076 1966 tertio

62 1989 333 2075 adfirmationem,
360 1991 477 2055 ultimo
500 2010 577 2054 vero
600 1989 673 2054 loco
696 1990 906 2073 negationem
929 1988 1077 2054 determi·
1097 2005 1131 2054 15

60 2079 165 2161 navit,
189 2099 286 2161 quam
309 2078 364 2142 hio
387 2081 462 2162 post
484 2077 742 2161 propositionem
764 2076 855 2140 verbi
879 2080 912 2139 et
933 2077 1077 2141 nominis

62 2168 203 2251 primam
225 2165 398 2230 locaverat
443 2169 480 2230 ut
507 2165 609 2251 igitur
637 2165 716 2230 ordo
740 2168 922 2228 servaretur
945 2185 1077 2231 conver-

63 2277 133 2338 sus,
165 2255 286 2319 idcirco
318 2254 526 2337 negationem
557 2253 648 2337 prius
681 2255 728 2318 ait
759 2275 829 2318 esse
865 2253 1077 2338 propositam.

63 2343 183 2428 quain
208 2342 407 2426 expositione
431 2342 645 2407 Alexandri
673 2364 799 2428 qnoque
823 2343 987 2408 sententia
1008 2364 1077 2408 non

63 2431 208 2496 discedit.
254 2431 334 2495 illud
361 2453 488 2517 quoque
516 2436 566 2496 est
593 2431 751 2516 additum,
784 2432 870 2516 quod
897 2453 963 2496 non
992 2436 1078 2496 esset
1096 2448 1132 2498 20

61 2520 185 2603 inutile,
209 2520 465 2585 enuntiationem
489 2541 590 2605 genus
614 2520 851 2584 adfirmationis
875 2523 909 2582 et
930 2520 1078 2603 negatio·

63 2608 116 2673 nis
145 2609 246 2690 accipi
274 2612 437 2691 oportere,
465 2609 552 2691 quod
574 2629 770 2690 quamquam
794 2605 845 2689 (ut
868 2606 989 2669 dictum
1013 2603 1077 2690 est)

65 2696 107 2760 ad
126 2695 344 2778 prolationem
362 2696 453 2779 prior
472 2697 557 2759 esset
575 2694 767 2777 adfirmatio,
784 2696 895 2757 tamen
913 2693 954 2757 ad
972 2694 1077 2778 ipsam

67 2783 326 2849 enuntiationem
344 2783 377 2848 id
396 2787 445 2847 est
463 2784 529 2847 veri
548 2782 687 2867 falsique
705 2783 771 2846 vim
789 2786 943 2867 utrasque
962 2804 1076 2867 aequa-

64 2874 141 2937 liter
160 2873 219 2937 sub
239 2872 462 2948 enuntiatione
481 2873 522 2937 ab
537 2871 713 2937 Aristotele
732 2871 896 2937 constitui.
925 2871 957 2935 id
977 2873 1075 2937 etiam
1094 2888 1129 2938 25

63 2960 278 3027 Aristotelem
304 2961 453 3045 probare.
501 2960 670 3045 praemisit
697 2962 783 3025 enim
810 2961 948 3044 primam
975 2981 1076 3046 nega-

61 3050 200 3134 tionem,
225 3051 399 3116 aecundam
422 3051 533 3133 posuit
555 3049 824 3133 adfirmationem,
847 3070 927 3134 quae
950 3070 1002 3114 res
1025 3050 1075 3112 ni-

61 3138 110 3202 hil
133 3137 232 3204 habet
254 3139 339 3222 vitii,
367 3141 396 3204 si
419 3139 459 3203 ad
482 3140 588 3222 ipsam
611 3139 867 3203 enuntiationem
891 3137 1075 3202 adfirmatio

61 3230 95 3289 et
109 3227 240 3310 negatio
254 3231 415 3309 ponantur
433 3228 593 3311 aequales.
618 3248 699 3311 quae
718 3227 804 3291 enim
822 3229 939 3291 natura
959 3248 1074 3310 aequa-

62 3314 110 3378 les
132 3317 217 3396 sunt,
239 3313 322 3378 nihil
340 3317 482 3380 retinent
501 3317 656 3380 contrarii
676 3316 896 3380 indifferenter
914 3318 1075 3397 acceptae.
1094 3332 1128 3382 30

65 3406 116 3467 est
134 3401 236 3486 igitur
254 3402 333 3467 ordo
351 3425 416 3488 quo
434 3404 618 3488 proposuit:
637 3405 777 3487 primum
795 3404 897 3468 totius
917 3403 1073 3467 orationis

133 3513 147 3559 1
168 3507 218 3561 est.
238 3506 333 3574 potest
349 3505 373 3558 Τ
445 3512 461 3560 2
480 3524 536 3561 non
555 3508 598 3560 est
615 3506 652 3575 Ἐς
671 3522 727 3562 non
745 3523 831 3578 supra
845 3507 894 3560 lire.
910 3505 970 3572 SE;
990 3523 1073 3562 sanus

59 3580 103 3634 est
121 3578 190 3632 delet
209 3575 241 3631 8²
314 3575 383 3630 3de
402 3592 435 3630 eo
454 3593 503 3633 orn.
523 3577 560 3631 T¹
628 3585 714 3632 teo?
787 3582 883 3646 8poet
901 3579 975 3631 esset
994 3579 1074 3634 addit

58 3648 153 3719 potuit
162 3647 219 3702 dici
229 3663 313 3702 sanus
323 3664 379 3701 non
389 3649 433 3701 est
441 3646 474 3715 T,
492 3650 524 3702 tn
532 3665 618 3719 marp.
629 3647 667 3702 (32
717 3648 792 3703 enim
806 3665 856 3703 cm.
870 3647 900 3715 F,
919 3664 988 3702 cras.
1002 3649 1034 3701 in
1049 3649 1071 3701 E

60 3727 93 3775 12
113 3727 143 3776 et
161 3718 267 3774 hinet]
335 3723 375 3772 ‘17
394 3717 555 3786 primuml*
629 3719 738 3788 ergo'l'
811 3725 844 3773 2³
864 3718 1072 3788 estF(a'ara·

59 3795 137 3862 arra)
211 3797 245 3846 26
259 3790 378 3860 probare
393 3787 464 3842 dicit
476 3789 608 3844 ἙἻἘἛ2
618 3791 660 3858 (in
668 3791 766 3861 marp.)
784 3790 904 3858 probare
918 3788 1073 3843 dfMisitG

59 3863 207 3933 (amator.
226 3862 297 3917 dicit
305 3859 438 3916 Premisit
448 3857 495 3930 (3²)
532 3861 607 3916 enim
625 3876 675 3917 om.
694 3861 731 3914 E¹
774 3867 807 3914 31
828 3859 1072 3930 quodF,quoq.T

816 3948 860 4002 (ζὴ»
