2386 4342
522 604 535 657 1
556 621 580 659 e.
602 611 625 658 1.
1035 609 1080 675 45

60 748 123 809 est
154 745 205 810 vel
237 767 312 810 non
347 750 406 811 cst
441 747 494 812 vel
524 748 639 813 albus
668 752 730 813 est
766 754 824 815 aut
853 750 974 835 aliquid
1004 753 1080 837 tale,

59 836 138 899 tunc
165 833 295 917 inipso
318 835 523 919 cogitatione.
548 835 669 900 veritas
693 839 749 901 aut
769 836 898 921 falsitas
921 839 1079 906 nascitur:

59 941 152 1005 ergo,
180 921 300 1007 inquit,
328 923 601 1006 quemadmodum
629 924 824 1008 aliquotiens
847 926 979 1010 quidam
1003 928 1079 993 sim·

51 1002 162 1092 'plices
185 1009 371 1077 intellectus
395 1016 481 1095 sunt,
505 1011 562 1096 qui
582 1033 658 1077 vero
676 1011 824 1098 falsoque
848 1018 989 1098 careant,
1012 1017 1080 1100 qui·

57 1096 135 1161 dam
167 1119 244 1163 vero
274 1099 308 1163 in
340 1098 457 1182 quibus
491 1100 614 1166 horum
642 1100 780 1165 alterum
806 1103 1000 1188 reperiatur,
1033 1104 1115 1170 sico

58 1185 158 1250 etiam
173 1189 206 1249 et
223 1185 258 1249 in
271 1208 359 1252 voce.
390 1209 468 1251 nam
486 1209 575 1271 quae
588 1207 684 1252 voees
702 1187 896 1255 denuntiant
913 1190 1078 1273 simplices

60 1273 257 1358 intellectus,
271 1274 364 1358 ipsae
381 1296 512 1358 quoque
527 1296 550 1339 a
560 1273 704 1339 falsitate
719 1278 752 1336 et
765 1276 902 1342 veritate
915 1278 1078 1344 seiunctae

58 1363 156 1444 sunt,
178 1382 260 1444 quaa
289 1383 367 1426 vero
395 1360 585 1427 huiusmodi
613 1358 802 1443 significant
833 1361 1016 1428 intellectus
1043 1367 1079 1429 in

59 1448 180 1531 quibus
208 1448 276 1513 iam
301 1448 355 1512 vel
381 1448 503 1512 veritas
530 1447 581 1511 vel
607 1445 739 1515 falsitas.
759 1448 936 1514 constituta
958 1454 1023 1532 est,
1044 1451 1079 1515 in

59 1534 141 1618 ipsis
160 1554 288 1617 quoque
305 1534 424 1599 horum
443 1535 583 1599 alterum
601 1535 738 1601 inveniri
757 1556 888 1601 necesse
911 1541 970 1603 est.
1000 1560 1079 1603 nam
1100 1555 1133 1604 10

61 1622 91 1686 si
115 1621 187 1706 quis
209 1620 272 1688 hoc
301 1623 405 1689 solum
429 1622 517 1688 dicat
543 1622 655 1688 homo
678 1624 729 1688 vel
752 1624 883 1688 album
905 1627 958 1690 vel
981 1627 1079 1692 etiam

59 1709 325 1790 hircocervus,
364 1733 562 1795 quamquam
598 1712 664 1776 ista
699 1711 855 1794 quiddam
886 1713 1078 1798 significent,

60 1799 214 1882 quoniam
228 1802 340 1867 tamen
354 1799 542 1885 significant
556 1799 735 1882 simplicem
748 1800 959 1887 intellectum,
977 1803 1079 1868 mani·

56 1887 179 1971 festum
195 1890 245 1952 est
254 1888 343 1957 omni
353 1888 501 1953 veritatis
515 1889 568 1953 vel
580 1886 738 1953 falsitatis
751 1889 951 1972 proprietate
961 1912 1078 1957 carere.

58 1978 92 2041 et
109 1978 182 2040 tota
200 1974 331 2060 quidem
350 1976 513 2045 sententia
532 1997 566 2040 se
585 1975 648 2040 hoc
666 1975 763 2041 modo
786 1975 894 2041 habet
944 1978 1078 2062 diligen·
1100 1992 1132 2042 15

57 2063 123 2128 tius
147 2067 259 2127 tamen
285 2066 337 2131 est
357 2062 592 2131 attendendum
610 2061 688 2146 qnid
711 2063 870 2145 estquod
893 2064 953 2128 ait:
976 2066 1079 2129 eirca

58 2151 372 2234 conpositionem
395 2151 502 2219 enim.
525 2153 563 2214 et
587 2148 817 2214 divisionem
840 2154 900 2215 est
921 2150 1079 2217 falsitas

58 2241 296 2322 veritasque3
326 2238 402 2322 quid
430 2238 531 2305 etiem
557 2237 649 2322 quod,
673 2236 796 2302 dictum
825 2241 894 2302 estz.
919 2238 1079 2306 nomina

58 2327 184 2410 igitur
211 2325 298 2407 ipsa
325 2328 362 2389 et
384 2326 502 2390 verba
526 2325 749 2395 consimilia
767 2329 859 2391 sunt
881 2326 966 2391 sine
989 2348 1078 2393 con·

57 2413 260 2498 positione
284 2414 344 2478 vel
368 2413 563 2485 divisione,
585 2413 822 2497 intellectui3
846 2414 928 2483 illud
950 2437 1079 2499 quoque
1098 2429 1132 2481 20

60 2524 117 2567 eur
143 2501 313 2585 conposito
340 2503 474 2566 nomine
496 2503 550 2568 vel
572 2524 628 2567 cur
651 2502 753 2566 eliam
769 2522 847 2566 usus
871 2505 1012 2571 estnon
1031 2504 1079 2568 rei

59 2588 268 2658 subsistentis
296 2591 457 2671 exempla,
484 2593 526 2660 ut.
555 2588 676 2659 diceret
700 2588 950 2652 hircocervus
971 2590 1079 2657 ,enim

60 2676 268 2760 signifieat
291 2674 449 2757 aliquid.
476 2695 537 2743 nee
554 2674 635 2743 illud
654 2673 925 2755 praetereundum
939 2676 988 2737 est
1002 2673 1079 2758 quid

59 2767 111 2828 est
135 2761 221 2846 quod
245 2761 368 2830 dietum
386 2761 429 2825 sit
451 2761 512 2826 vel
532 2759 767 2844 simpliciter
788 2761 849 2825 vel
873 2761 1078 2828 secundum

58 2855 190 2934 tempu
197 2872 221 2914 s.
251 2853 285 2915 et
302 2850 445 2933 primum
465 2849 596 2932 quidem
607 2849 659 2912 «d'e
677 2868 715 2934 eq
735 2848 904 2914 dicendum
924 2850 1078 2935 estquod
1097 2861 1131 2917 25

58 2941 120 3006 ait:
154 2938 259 3004 cirea
291 2936 609 3022 conpositionem
642 2937 741 3002 enim
772 2940 810 3001 et
844 2937 1078 3007 divisionem

59 3033 120 3094 est
137 3026 298 3093 falsitas
318 3026 555 3110 veritasque.
579 3025 744 3110 quaeritur
761 3047 910 3109 namque,
927 3029 1077 3091 utrumne

60 3117 167 3182 omnis
185 3116 305 3183 veritas
321 3115 407 3181 circa
421 3114 681 3198 conpositionem
696 3112 953 3197 divisionemque
967 3113 1020 3196 sit,
1031 3110 1077 3178 'aun

58 3205 219 3289 quaedam
234 3209 291 3288 est,
305 3202 464 3287 quaedam
479 3223 556 3266 vero
570 3201 712 3267 minime.
739 3200 820 3265 illud
835 3222 973 3285 quoque,
988 3201 1078 3269 anin

60 3291 151 3356 omni
165 3292 388 3374 conpositione
407 3291 459 3355 vel
477 3289 633 3355 divisione
652 3287 773 3353 veritas
792 3288 985 3372 falsitasque
1004 3309 1077 3353 con·
1096 3300 1131 3348 aa
1156 3346 1159 3351 .

60 3379 177 3444 stituta
187 3379 239 3460 sit,
250 3400 291 3443 an
300 3379 363 3444 hoc
372 3399 438 3442 non
448 3377 652 3462 generaliter,
667 3375 768 3440 sedin
779 3375 1077 3459 quadameonposi·

59 3465 161 3534 tionis
176 3466 228 3530 vel
238 3465 408 3530 divisionis
417 3469 510 3550 parte
525 3465 646 3529 veritas
660 3463 852 3547 falsitasque
865 3464 1018 3527 versetur.
1042 3462 1078 3525 in
1125 3478 1130 3487 ·

59 3554 270 3641 opinionibus
293 3574 434 3636 namque
456 3553 577 3618 veritas
601 3555 665 3635 est,
693 3550 842 3634 quotiens
871 3571 910 3614 ex
934 3548 1078 3613 subiecta

131 3693 254 3751 avelF
298 3689 427 3756 ainquia
444 3690 529 3745 velF
567 3690 700 3760 quidem?
744 3695 776 3743 13
796 3686 954 3757 simplicem
972 3702 1022 3741 om.
1041 3684 1077 3738 ΕΙ

60 3771 94 3820 15
114 3781 144 3823 se
163 3763 263 3820 (ΜΕι
301 3766 389 3816 1v.18
407 3759 512 3815 ueritas
530 3760 591 3815 fals.
611 3761 715 3816 codices
752 3764 784 3813 21
805 3758 846 3815 rei
864 3758 957 3813 nonb
993 3760 1077 3810 2324

57 3836 129 3904 quid
138 3836 176 3891 sit
186 3835 261 3903 quod
271 3834 297 3888 d.
309 3830 388 3887 estb
435 3834 469 3883 25
479 3826 600 3897 primum
613 3831 649 3884 Fr
663 3828 756 3899 primo
767 3834 814 3885 oct.
860 3833 894 3882 28
914 3842 969 3896 que
984 3823 1079 3880 om.s¹
