2386 4342
520 607 533 660 I
555 623 582 661 c,
602 610 625 660 1.
1035 604 1080 667 49

60 752 173 816 dixero
196 749 379 816 Socrates
400 749 663 834 philosophus
687 752 760 832 est,
782 748 1022 833 philosophiam
1045 755 1079 815 et

60 838 257 906 Socratem
277 838 452 905 secundum
471 860 556 904 esse
579 838 745 923 conposui,
768 838 819 903 vel
838 838 867 902 si
886 837 993 903 dicam
1011 835 1079 902 So-

58 932 188 994 crates
216 928 408 1013 ambulat,
433 926 620 993 huiusmodi
648 930 699 991 est
726 931 893 1011 tamquam
922 927 950 991 si
974 926 1079 992 dicam

58 1015 242 1083 Socrates
265 1018 469 1083 ambulans
494 1021 562 1083 est
598 1016 701 1102 igitur
720 1016 868 1102 quotiens
892 1016 1078 1081 huiusmodi

56 1105 158 1170 fuerit
175 1107 367 1191 conpositio,
385 1125 467 1191 (prae
486 1104 662 1171 secundum
680 1125 763 1171 esse
780 1105 915 1170 verbum
932 1106 984 1170 vel
1003 1105 1076 1170 sub·
1097 1120 1113 1168 5

58 1194 217 1260 stantiam
232 1196 412 1261 constituat
433 1195 486 1260 vel
507 1214 559 1259 res
583 1194 771 1278 coniungat,
794 1193 977 1259 adfirmatio
1000 1193 1077 1259 dici-

56 1288 113 1348 tur
127 1287 161 1348 et
173 1283 210 1348 in
223 1305 262 1348 ea
274 1284 343 1348 veri
355 1283 496 1368 falsique
510 1284 629 1346 natura
641 1280 845 1364 perspicitur.
871 1283 905 1345 et
924 1282 1077 1366 quoniam

58 1372 168 1436 omnis
193 1373 328 1457 negatio
354 1371 396 1436 ad
427 1368 702 1454 praedicationem
729 1367 937 1432 constituitur
968 1364 1078 1453 (huius

58 1459 149 1523 enim
177 1458 412 1524 adfirmationis
440 1478 523 1542 quae
555 1459 605 1521 est
640 1454 817 1522 Socrates
853 1459 912 1521 est
946 1457 1077 1542 negatio

59 1549 197 1610 estnon
216 1567 254 1610 ea
273 1568 354 1630 quae
373 1546 452 1611 dicit
469 1568 546 1611 nou
565 1543 745 1611 Socrates
770 1548 840 1631 est,
863 1545 919 1611 sed
938 1566 976 1610 ea
995 1567 1077 1632 quae
1099 1561 1132 1611 10

60 1633 254 1717 pronuntiat
273 1633 452 1701 Socrates
471 1656 548 1701 non
570 1639 629 1700 est
653 1635 743 1700 etad
762 1635 796 1700 id
815 1635 900 1720 quod
919 1656 988 1700 esse
1009 1632 1077 1700 So-

58 1725 187 1787 crates
210 1723 312 1789 dictus
336 1728 385 1789 est
406 1725 539 1810 negatio
563 1724 750 1810 adponitur,
779 1727 816 1790 ut
839 1745 912 1790 eum
934 1723 968 1788 id
991 1722 1076 1789 dica·

58 1833 134 1874 mus
156 1831 225 1876 non
243 1835 322 1898 esse,
346 1813 431 1899 quod
455 1819 530 1880 ante
554 1814 659 1880 dietus
683 1817 733 1878 est
755 1809 852 1899 esse):
875 1813 975 1898 igitur
998 1834 1076 1897 quo-

60 1900 150 1964 niam
182 1901 215 1967 id
248 1901 335 1986 quod
366 1903 402 1967 in
434 1903 658 1969 adfirmatione
696 1901 871 1967 secundum
903 1921 990 1967 esse
1023 1901 1076 1966 vel

58 1989 272 2055 constitutum
291 1993 344 2057 vel
362 1993 570 2058 coniunctum
587 1991 687 2056 fuerit
711 1981 798 2055 adid
817 1988 927 2054 addita
944 1989 1075 2074 negatio
1097 2003 1130 2052 15

57 2082 198 2162 separat,
212 2080 263 2143 vel
277 2080 382 2163 ipsam
402 2081 604 2146 substantiae
624 2077 889 2144 constitutionem
909 2076 959 2141 vel
977 2076 1076 2140 etiam

55 2165 177 2231 factam
204 2189 263 2250 per
289 2168 322 2232 id
350 2169 437 2252 quod
463 2167 586 2232 dictum
618 2170 670 2232 est
700 2188 785 2232 esse
818 2163 967 2250 aliquid
1002 2185 1076 2230 oon·

57 2255 269 2338 iunctionem,
297 2254 413 2322 divisio
446 2259 587 2322 vocatur.
624 2255 754 2341 quando
787 2254 873 2320 enim
905 2253 977 2320 dioc
1009 2250 1076 2319 So·

57 2345 186 2407 crates
214 2364 291 2408 non
324 2348 395 2430 est,
427 2367 511 2411 esse
539 2368 559 2410 a
587 2343 746 2411 Socrate
780 2343 905 2410 seiunxi
938 2346 971 2407 et
1003 2364 1076 2408 cum

57 2431 129 2495 dico
167 2430 346 2498 Socrates
378 2435 636 2520 philosophus
673 2457 749 2500 non
780 2436 852 2517 est,
885 2430 1076 2498 Socraten
1095 2445 1129 2496 20

56 2519 98 2584 ab
127 2541 165 2586 eo
189 2522 275 2605 quod
304 2526 354 2589 est
376 2524 650 2607 philosophum
679 2544 763 2587 esse
783 2519 944 2603 separavi,
978 2540 1075 2603 quam

58 2609 311 2694 separationem,
342 2633 425 2694 quae
457 2613 498 2694 sd
529 2611 739 2695 negationem
766 2607 921 2692 pertinet,
948 2604 1075 2670 divisio·

56 2716 133 2758 nem
160 2697 298 2762 vocavit
330 2717 407 2782 ergo
438 2696 648 2763 manifestum
676 2699 739 2781 est,
771 2693 923 2781 quoniam
947 2693 975 2757 si
999 2691 1074 2782 sim-

54 2783 133 2867 ples
162 2783 197 2847 in
227 2786 353 2850 animae
373 2791 378 2867 Ι
402 2786 610 2870 passionibus
640 2785 823 2851 intellectus
856 2781 966 2867 fuerit,
998 2804 1072 2849 cum
1091 2793 1180 2862 1230!

54 2873 127 2955 ipse
160 2873 342 2941 intellectus
375 2877 499 2941 nullam
533 2876 637 2942 adhuc
669 2875 736 2940 veri
767 2873 903 2958 falsique
935 2871 1075 2937 retineat
1094 2886 1127 2935 25

57 2963 222 3048 naturam,
255 2964 323 3030 eius
354 2986 480 3051 quoque
514 2966 731 3052 prolationem
759 2965 800 3030 ab
830 2961 974 3047 utrisque
1005 2981 1074 3026 esse

55 3055 247 3132 separatam
299 3053 355 3119 scd
385 3077 458 3120 cum
489 3056 671 3140 conpositio
695 3053 870 3121 secumdum
893 3073 963 3117 esse
987 3049 1074 3116 facta

54 3139 106 3203 vel
122 3140 220 3205 etiam
239 3141 355 3210 divisio
370 3145 404 3209 in
419 3145 646 3230 intellectibus,
664 3145 699 3209 in
716 3144 832 3228 quibus
850 3137 1075 3226 principaliter

56 3227 177 3292 veritas
201 3232 234 3293 et
252 3231 380 3298 falsitas
399 3237 600 3320 procreatur,
622 3233 775 3317 evenerit,
798 3229 951 3315 quoniam
970 3249 1009 3293 ex
1027 3249 1074 3291 m·

54 3314 239 3387 telleotibus
266 3340 361 3386 voces
390 3322 522 3406 capiunt
549 3322 833 3408 significationem,
861 3338 915 3381 eas
945 3336 1073 3401 quoquc
1092 3327 1128 3378 30

55 3402 233 3468 seeundum
254 3405 476 3475 intellectuum
495 3412 686 3496 qualitatem
704 3431 796 3476 veras
815 3406 866 3471 vel
884 3404 984 3469 falsas
1003 3422 1073 3466 esse

53 3513 188 3557 necesse
208 3497 265 3558 est.
298 3495 471 3563 maximam
489 3521 566 3565 vero
585 3501 651 3575 vim
669 3499 769 3564 habet
787 3492 926 3576 exempli
943 3491 1072 3556 novitas

127 3655 144 3703 5
163 3649 280 3705 uerbum
299 3668 358 3707 esse
377 3652 414 3706 F‘
467 3661 482 3710 7
500 3657 644 3726 perficitur
663 3656 737 3712 S¹l¹¹
785 3658 818 3711 10
837 3653 885 3711 alt.
904 3649 948 3704 est
966 3662 1016 3706 mn.
1036 3646 1075 3702 Ει

56 3725 89 3773 11
109 3723 139 3775 et
157 3721 251 3775 cm.T
325 3729 358 3778 12
378 3725 483 3781 cumT
556 3734 589 3782 18
608 3731 651 3785 est
669 3727 763 3784 ocal*
838 3733 871 3781 14
890 3736 949 3778 esse
968 3734 1017 3776 om.
1039 3716 1072 3772 8¹

55 3793 289 3918 {gtplpgpppeurpsl}
353 3801 388 3849 26
408 3794 467 3850 eius
486 3797 525 3852 T:
543 3814 640 3856 eorum
658 3800 739 3856 ceteri
793 3801 827 3852 28
846 3798 877 3854 in
895 3808 945 3850 orn.
966 3786 1074 3846 ΒῑΤῙῦι

108 3959 185 4001 Boetii
199 3968 319 4006 comment.
333 3965 363 4005 H.
852 3966 874 4015 Α,
