2386 4342
76 721 181 788 verbis
200 724 298 807 atquc
316 721 504 787 nominibus
523 725 556 786 et
572 722 608 786 in
626 721 852 808 significativis
869 722 1087 790 locutionibus

75 832 195 877 nomen
225 810 503 895 interpretationis
535 813 681 895 aptatur,
713 832 733 876 a
765 813 929 877 communi
955 813 1087 878 nomine

75 922 200 984 eorum,
223 899 262 965 de
285 900 401 985 quibus
424 900 487 966 hoc
510 900 593 965 libro
615 899 817 985 tractabitur,
839 901 873 966 id
896 905 948 967 est
971 901 1012 966 ab
1038 901 1087 966 in-

74 989 319 1073 terpretatione,
342 990 412 1074 ipse
435 1009 562 1074 quoque
585 986 629 1053 de
651 989 981 1072 interpretatione
1004 990 1088 1056 liber

74 1078 259 1163 inscriptus
277 1082 336 1143 est.
372 1078 463 1143 cuius
491 1077 728 1162 expositionem
754 1098 815 1144 nos
843 1079 965 1144 scilicet
991 1095 1123 1164 quame

74 1168 215 1232 maxime
250 1188 271 1232 a
305 1166 525 1251 Porphyrio
563 1187 760 1251 quamquam
792 1166 891 1231 etiam
923 1189 943 1232 a
972 1169 1087 1233 ceteris

75 1256 310 1321 transferentes
337 1255 456 1320 Latina
483 1254 631 1320 oratione
661 1253 863 1339 digessimus.
916 1254 970 1318 hic
1001 1255 1089 1321 enim

73 1345 170 1409 nobis
194 1344 360 1428 expositor
383 1345 416 1406 et
432 1341 620 1406 intellectus
638 1341 785 1406 acumine
804 1345 839 1406 et
857 1342 1089 1407 sententiarum

75 1432 290 1514 dispositione
316 1429 444 1495 videtur
471 1430 635 1496 excellere.
681 1434 774 1495 erunt
797 1450 875 1516 ergo
898 1431 1088 1514 interpreta-

73 1519 175 1583 tionis
198 1519 279 1583 duae
301 1519 426 1603 primae
447 1521 557 1602 partes
579 1540 698 1584 nomen
716 1524 751 1584 et
767 1520 910 1585 verbum
932 1519 984 1585 his
1002 1521 1088 1585 enim
1109 1534 1142 1583 10

77 1604 233 1693 quidquid
264 1613 314 1672 est
345 1607 381 1671 in
413 1607 514 1672 animi
547 1607 764 1674 intellectibus
797 1605 999 1711 designatum
1035 1609 1088 1673 his

75 1717 214 1780 namque
236 1698 326 1761 totus
350 1695 428 1762 ordo
451 1696 612 1762 orationis
634 1697 781 1762 efficitur.
815 1700 906 1762 et1n
929 1701 1088 1782 quantum

72 1806 137 1850 vox
168 1785 241 1868 ipsa
272 1784 402 1869 quidem
433 1785 617 1851 intellectus
649 1785 824 1872 significat,
854 1785 891 1850 in
922 1786 1004 1851 duas
1037 1783 1089 1872 (ut

75 1872 198 1938 dictum
229 1871 298 1959 est)
331 1876 460 1938 secatur
489 1877 615 1959 partes,
652 1894 772 1939 nomen
804 1878 837 1938 et
869 1875 1018 1959 verbum,
1053 1875 1089 1939 in

74 1964 232 2047 quantum
263 1982 341 2027 vero
372 1984 438 2028 vox
458 1984 517 2046 per
539 1961 762 2028 intellectuum
784 1963 991 2027 medietatem
1014 1963 1143 2028 sub-15

72 2051 174 2115 iactas
196 2050 374 2115 intellectui
396 2071 448 2115 res
468 2051 679 2134 demonstrat,
702 2049 956 2134 significantium
973 2071 1089 2115 vocum

75 2139 270 2204 Aristoteles
292 2159 463 2203 numerum
485 2139 650 2204 indecem
668 2136 931 2223 praedicamenta
948 2140 1089 2222 partitus

76 2231 136 2292 est
172 2229 268 2310 atque
296 2226 359 2291 hoo
382 2227 482 2293 distat
503 2226 579 2292 libri
602 2227 698 2292 huius
720 2227 861 2292 intentio
884 2249 904 2292 a
924 2227 1088 2312 praedica·

76 2319 260 2380 mentorum
291 2315 326 2379 in
352 2315 359 2398 Ι
387 2313 553 2379 denariam
584 2315 824 2381 multitudinem
855 2317 1088 2381 numerositate
1106 2344 1134 2395 p.
1143 2332 1176 2382 29

75 2405 224 2487 collecta,
256 2407 294 2469 ut
321 2404 374 2469 hic
401 2403 531 2488 quidem
558 2407 687 2470 tantum
720 2403 759 2469 ds
794 2425 931 2470 numero
968 2405 1090 2490 signifi·
1107 2419 1143 2469 20

56 2494 219 2569 ‚cantium
247 2513 363 2558 vocum
391 2496 577 2576 quaeratur,
610 2496 767 2576 quantum
794 2493 837 2556 ad
858 2493 948 2575 ipses
971 2494 1089 2557 attinet

73 2603 184 2664 voces,
216 2581 335 2664 quibus
363 2579 587 2664 significativis
615 2581 749 2645 vocibus
775 2579 959 2644 intellectus
989 2581 1089 2644 animi
1162 2588 1167 2596 '

75 2669 300 2752 designentur,
327 2688 408 2752 quae
436 2671 514 2731 sunt
540 2666 662 2731 scilicet
689 2666 848 2750 simplicia
875 2666 1005 2753 quidem
1031 2689 1088 2734 no·

77 2756 167 2822 mina
199 2759 232 2820 et
265 2756 377 2840 verba,
414 2775 453 2819 ex
488 2755 539 2821 his
571 2777 647 2821 vero
685 2756 874 2839 conpositae
910 2759 1089 2824 orationes:

73 2844 408 2930 praedicamentorum
427 2865 503 2910 vero
525 2844 606 2909 haec
623 2845 762 2911 intentio
782 2848 847 2910 est:
870 2846 910 2911 de
929 2846 1089 2932 significa·
1106 2861 1142 2910 25

76 2935 153 3000 tivis
182 2955 290 2999 rerum
317 2933 451 2999 vocibus
478 2934 514 2998 in
536 2937 679 3018 tantum,
707 2937 864 3019 quantum
887 2955 941 2999 eas
964 2935 1089 3000 medius

77 3023 179 3088 animi
202 3023 364 3108 significet
385 3022 581 3088 intellectus.
621 3022 708 3088 vocis
730 3023 817 3087 enim
835 3022 994 3106 quaedam
1011 3044 1088 3108 qua·

75 3112 152 3176 litas
180 3116 231 3176 est
255 3132 377 3177 nomen
403 3114 436 3175 et
462 3111 610 3195 verbum,
642 3133 725 3195 quae
752 3111 906 3176 nimirum
932 3111 1006 3195 ipsa
1032 3112 1090 3176 illa

77 3199 186 3263 decem
204 3200 466 3282 praedicamenta
483 3199 679 3285 significant.
711 3198 822 3265 decem
839 3220 979 3284 namque
996 3220 1088 3283 prae

78 3287 261 3352 dicamenta
290 3309 468 3373 numquam
499 3289 568 3353 sine
597 3288 705 3373 aliqua
731 3287 822 3353 verbi
849 3289 1006 3372 qualitate
1037 3288 1089 3353 vel
1108 3303 1143 3352 ³0

77 3375 220 3441 nominis
247 3376 458 3459 proferentur.
504 3398 603 3461 quare
630 3378 692 3441 erit
717 3376 795 3441 libri
827 3376 924 3441 huius
951 3375 1089 3441 intentio

77 3464 116 3530 de
150 3464 374 3549 significativis
405 3466 538 3531 vocibus
572 3465 607 3529 in
642 3469 785 3548 tantum,
823 3467 980 3549 quantum
1017 3485 1089 3530 con·

147 3621 323 3676 linorelt
394 3620 608 3677 3inhocS¹F
681 3618 1043 3690 edispositioscorr.S²

78 3698 111 3749 10
128 3694 223 3762 partes
236 3691 390 3817 primaeT
463 3698 497 3748 11
516 3691 713 3748 intellectuat*
731 3707 800 3746 corr.
815 3690 851 3745 ΕΙ
919 3695 951 3744 12
970 3690 1090 3772 totiusF

78 3770 111 3820 18
125 3763 223 3818 mhoc
306 3768 340 3818 20
355 3763 385 3818 in
398 3765 528 3820 tantum?
574 3762 735 3818 atrocibus
749 3763 872 3817 tractare
881 3760 913 3828 F,
927 3775 988 3816 uoc.
998 3760 1091 3816 meere
1122 3808 1127 3816 .

77 3833 415 3905 TE,tractareiumarp.S
448 3830 733 3905 tlprolerunturS²F
761 3829 1092 3902 surignatiuisScorrS²
