2386 4342
131 197 176 264 62
480 175 796 253 aruspiscina

131 342 280 430 Cicero,
302 364 402 409 unam
424 363 596 427 personam
619 363 781 426 unamque
804 341 1023 408 substantiam
1041 344 1150 408 nomi·

129 433 206 499 navi
234 438 369 534 etcum
397 431 468 534 dico
497 431 623 534 borno,
652 431 737 517 quod
761 435 812 532 est
833 452 952 496 nomen
975 432 1149 535 appellati·

129 520 862 695 simplicissimis,
884 521 1149 693 11111113

94 717 197 767 anon
220 702 283 783 est,
307 696 364 764 sed
386 697 448 764 hoc
471 697 644 762 infinitum.
689 701 799 782 potest
822 697 907 761 enim
932 701 965 762 et
987 698 1078 762 canis
1103 699 1147 763 si-

176 786 279 853 ificari
307 790 341 852 ct
367 807 469 871 equus
496 790 530 851 et
556 786 640 871 lapis
668 790 701 851 et
728 787 921 871 quicumque
949 784 1047 851 homo
1079 809 1149 853 non

128 807 235 943 dicut.
264 880 298 943 et
316 876 493 962 aequaliter
516 874 635 941 dicitur
657 876 708 939 vel
731 875 766 940 in
788 896 826 940 eo
851 874 937 959 quod
960 879 1010 940 est
1033 876 1087 940 vel
1111 876 1146 940 in

128 987 167 1032 eo
213 966 278 1032 uod
300 987 368 1032 non
391 968 450 1031 cst.
492 964 520 1029 si
543 964 615 1049 quis
639 965 726 1029 enim
750 962 788 1028 de
813 961 945 1048 Scylla
967 962 1055 1049 quod
1078 985 1147 1031 non

128 988 285 1121 assiliret
306 1075 384 1120 non
405 1053 533 1131 homo,
558 1053 721 1138 significat
738 1051 891 1137 quiddam
911 1052 996 1137 quod
1014 1052 1051 1116 in
1069 1053 1145 1118 sub·

77 1159 110 1209 io
129 1143 253 1209 stantia
276 1146 372 1226 atque
395 1140 430 1205 in
453 1161 561 1205 rerum
583 1145 701 1206 natura
723 1162 791 1205 non
814 1144 991 1224 permanet
1022 1142 1145 1227 siquis

130 1232 239 1295 autern
269 1229 320 1294 vel
351 1229 390 1293 de
419 1228 527 1312 lapide
557 1230 608 1293 vel
638 1228 676 1294 de
703 1229 793 1314 ligno
823 1230 873 1294 vel
903 1230 943 1294 de
966 1229 1039 1294 aliis
1063 1252 1146 1316 qnae

130 1322 207 1384 sunt
228 1317 326 1383 rebus
348 1316 436 1382 dicat
457 1338 534 1382 non
562 1316 687 1401 homo,
715 1316 799 1382 idem
822 1321 933 1384 tamen
956 1318 1080 1402 aliquid
1105 1319 1145 1385 si—

20 1421 112 1488 pola
131 1406 300 1493 gnificabit
322 1410 356 1471 et
378 1426 504 1490 semper
526 1409 653 1489 praeter
676 1406 710 1471 id
733 1405 819 1492 quod
840 1407 990 1472 nominat
1009 1408 1014 1491 Ι
1034 1406 1145 1473 huius

130 1494 219 1561 modi
246 1494 395 1562 vocabuli
423 1494 619 1580 significatio
643 1499 701 1561 cst.
748 1496 876 1561 sublato
900 1495 987 1561 enim
1010 1495 1144 1563 homine

78 1600 111 1650 11
130 1582 285 1670 quidquid
320 1587 449 1669 praeter
484 1583 649 1650 hominem
686 1589 736 1649 cst
771 1584 833 1650 hoc
871 1584 1035 1669 signifieat
1065 1606 1143 1650 non

128 1672 255 1760 homo,
278 1674 406 1759 quoda
429 1672 561 1740 nomine
583 1673 760 1758 plurimum
782 1673 898 1738 differt.
937 1695 1032 1738 omne
1056 1675 1144 1739 enirn

128 1784 248 1830 nomen
271 1760 322 1849 (ut
344 1763 467 1828 dictum
490 1760 555 1849 cst)
579 1762 709 1828 definite
731 1761 764 1826 id
788 1761 953 1847 significat
976 1762 1064 1847 quod
1086 1784 1143 1829 no·

128 1852 270 1917 minatur
292 1872 353 1916 nec
375 1850 523 1916 similiter
546 1851 640 1916 etde
665 1872 704 1916 eo
728 1851 814 1935 quod
838 1854 888 1914 cst
911 1854 945 1915 et
969 1850 1056 1935 quod
1077 1872 1146 1918 non

117 1943 181 2003 cst
207 1938 335 2004 dicitur.
380 1936 434 2002 scd
464 1938 544 2003 hacc
570 1939 756 2003 huiusmodi
784 1962 846 2004 vox
875 1943 908 2004 et
939 1939 1144 2024 designativa

76 2042 111 2093 20
129 2031 181 2092 est
204 2030 236 2092 et
260 2026 301 2091 ad
323 2026 479 2111 placitum
502 2031 536 2092 et
558 2027 628 2091 sine
650 2030 797 2112 tempore
816 2032 849 2092 et
868 2025 921 2114 (ut
938 2027 1061 2094 dietum
1080 2032 1133 2095 est

128 2119 238 2200 partes
268 2115 337 2181 eius
365 2118 457 2182 erma
479 2114 563 2181 nihil
586 2114 767 2200 designant.
813 2139 912 2201 quare
935 2115 1034 2182 dubia
1057 2139 1102 2203 ap

128 2206 277 2291 antiquos
292 2205 454 2272 sententia
471 2205 542 2289 fuit,
560 2207 670 2269 utrum
688 2226 808 2271 nomen
825 2205 888 2270 hoc
906 2227 973 2270 non
991 2206 1146 2293 dicerent,

128 2316 169 2359 an
186 2295 249 2361 hoc
268 2296 376 2380 aliqua
394 2295 575 2360 adiectione
590 2294 731 2359 nominis
751 2295 930 2359 definitioni
950 2293 1146 2362 subicerent

128 2385 161 2446 et
179 2383 235 2466 qui
251 2382 315 2447 hoc
334 2404 353 2447 a
370 2384 500 2448 nomine
519 2384 723 2467 separabant,
746 2384 794 2447 ita
815 2404 935 2448 nomen
954 2382 1144 2451 definitione

74 2485 108 2534 25
128 2469 322 2535 claudebant
348 2470 505 2536 dicentes:
529 2492 651 2551 nomen
673 2492 743 2535 esse
766 2493 878 2536 vocem
901 2470 1144 2557 designativam

128 2557 304 2623 secundum
326 2558 482 2642 placitum
505 2559 574 2622 sine
597 2561 742 2642 tempore
761 2560 1023 2645 circumscriptae
1043 2561 1145 2648 signi·

127 2645 303 2732 ficationis,
340 2645 430 2710 cuius
465 2649 576 2730 partes
608 2650 699 2711 extra
730 2648 811 2712 nihil
843 2649 1070 2735 designarent,
1104 2654 1145 2719 ut
1181 2724 1187 2737 ,

127 2735 282 2819 quoniam
309 2756 386 2800 non
412 2734 525 2799 homo
552 2756 621 2799 rem
649 2735 925 2821 circumscriptam
947 2739 1067 2803 nonai
1118 2738 1128 2755 ⁰

127 2823 240 2888 ficarct
269 2845 289 2886 a
316 2823 446 2888 nomine
476 2826 688 2907 separaretur.
739 2826 793 2890 alii
825 2848 900 2890 vero
929 2848 996 2891 non
1026 2756 1144 2895 &oggi-m
1161 2820 1187 2911 d

74 2910 234 2996 comode,
258 2911 314 2976 sed
337 2911 487 2977 dicebant
509 2913 637 2997 quidem
661 2935 731 2978 esse
754 2935 882 2997 nomen,
904 2914 1047 2980 sednon
1065 2886 1187 3025 eim-J

126 3001 264 3085 pliciter.
298 3001 436 3085 quadam
454 3022 594 3087 namque
618 3002 798 3068 adiectione
822 3003 882 3068 sub
904 3004 1037 3068 nomine
1059 3002 1187 3090 pontu

127 3111 222 3172 posse
245 3089 407 3173 putabant
423 3089 487 3154 hoc
504 3090 609 3174 modo,
632 3094 670 3155 ut
688 3091 772 3155 sicut
789 3091 887 3157 homo
906 3094 1055 3158 mortuns
1071 3110 1167 3191 111111).Ι

199 3192 418 3261 4qu0ddamT
482 3192 657 3248 biniinitum
675 3211 731 3248 non
751 3196 793 3249 est
812 3194 844 3263 Τ,
863 3195 911 3250 inf.
932 3196 975 3250 est
993 3194 1060 3250 ΤἘ
1125 3202 1161 3255 G'

127 3262 355 3334 quodcumqueb
391 3268 514 3335 Squae?
552 3270 583 3318 11
603 3265 650 3320 vel
669 3264 704 3318 de
723 3263 800 3336 ligno
819 3281 869 3321 om.
888 3266 911 3319 E
929 3275 932 3280 “
951 3271 1038 3322 1218
1056 3266 1156 3339 signia]

127 3332 223 3388 ficauit
241 3334 278 3388 E¹
339 3341 373 3389 14
390 3335 521 3392 vocabuli
539 3351 590 3393 ovo.
609 3335 646 3389 Τ1
709 3342 741 3391 17
760 3353 862 3392 nomen
880 3353 930 3393 ona
945 3337 981 3391 F¹
1035 3342 1072 3396 18
1087 3340 1150 3397 ab·

128 3419 187 3474 eqo:
207 3408 236 3462 at
254 3406 365 3476 codices,
385 3409 414 3462 et
431 3407 525 3462 nonb
601 3411 637 3462 20
656 3409 686 3463 et
704 3409 777 3478 (ante
794 3411 836 3478 ut)
855 3424 906 3464 om.
926 3407 959 3461 S¹
1029 3412 1067 3466 22
1112 3412 1145 3507 Γ]

65 3491 179 3640 xero.
196 3475 233 3531 E¹
305 3484 338 3534 31
358 3477 499 3534 edictione
519 3477 537 3533 S
