2386 4342
535 605 663 668 lats
1049 613 1094 678 63

77 759 197 823 dicitur
219 759 410 843 simpliciter
431 758 541 842 homo,
564 757 621 822 sed
643 757 742 822 homo
766 770 924 839 mortuus,
945 758 994 821 ita
1015 780 1093 842 quo·

76 869 138 932 que
162 850 196 911 et
217 868 338 911 nomen
368 846 446 931 hoc,
476 847 563 933 quod
592 846 674 911 nihil
702 846 870 910 definitum
899 846 1094 931 designaret,

75 957 143 1002 non
167 936 327 1001 diceretur
346 936 536 1020 simpliciter
554 956 683 1018 nomen,
706 933 762 999 sed
780 956 902 1000 nomen
920 935 1093 1000 infinitum.

75 1025 168 1089 cuius
191 1024 372 1089 sententiae
394 1024 635 1090 Aristoteles
663 1027 862 1107 auctorest,
892 1025 948 1109 qui
971 1045 1006 1088 se
1029 1023 1092 1090 hoc

74 1114 105 1177 ei
129 1114 323 1179 vocabulum
346 1116 496 1179 autumet
518 1114 689 1179 invenisse.
735 1113 783 1177 ait
805 1113 906 1177 enim:
933 1117 976 1178 at
1002 1129 1127 1180 veros

73 1223 147 1268 nec
180 1203 350 1286 positum
383 1207 443 1267 est
474 1223 629 1286 nomen,
666 1223 739 1285 quo
776 1202 875 1267 illud
908 1206 1092 1286 oporteat

74 1292 280 1375 appellari,
303 1291 428 1355 dicens:
455 1291 489 1354 id
511 1290 599 1372 quod
625 1289 765 1354 dicimus
792 1309 868 1352 non
889 1289 1002 1355 homo
1026 1314 1091 1375 quo

72 1380 232 1445 vocabulo
259 1379 377 1443 debeat
403 1378 562 1462 appellari
583 1398 651 1441 non
673 1377 802 1442 vocavit
825 1377 1013 1461 antiquitus.
1059 1383 1093 1444 et

73 1489 177 1552 usque
205 1466 246 1531 ad
268 1466 525 1531 Aristotelem
554 1465 663 1530 nullus
690 1469 827 1531 noverat
849 1465 925 1549 quid
950 1470 1036 1530 esset
1058 1467 1091 1532 id

68 1555 161 1639 ⁴quod
184 1575 261 1619 non
283 1554 397 1620 homo
421 1555 593 1638 diceretur,
617 1554 673 1619 sed
696 1554 749 1618 hic
771 1554 847 1620 huic
871 1555 1013 1620 sermoni
1035 1578 1090 1622 vo·
1110 1571 1145 1621 10

75 1643 226 1709 cabulum
248 1644 358 1726 posuit
380 1643 502 1709 dicens:
533 1644 598 1709 sed
628 1644 682 1709 sit
707 1665 847 1709 nomen
873 1644 1089 1730 infinitum,

76 1755 144 1798 non
164 1733 355 1816 simpliciter
367 1748 496 1817 nomen,
515 1734 670 1818 quoniam
683 1733 776 1798 nulla
789 1733 1089 1818 circumscriptione

73 1822 232 1907 designat,
251 1821 307 1886 sed
325 1822 489 1888 infinitum
502 1844 632 1906 nomen,
646 1823 802 1907 quoniam
820 1823 914 1906 plura
932 1827 965 1887 et
983 1845 1022 1888 es
1039 1824 1089 1888 in-

71 1911 165 1975 finita
184 1911 356 1997 significat
393 1911 449 1976 sed
467 1911 531 1978 hoc
553 1933 621 1976 non
645 1912 724 1977 solis
746 1910 932 1976 huiusmodi
955 1911 1089 1977 vocibus

72 2000 242 2085 contingit,
265 2004 302 2065 ut
325 1999 517 2084 simpliciter
540 1999 600 2072 sub
617 1999 750 2063 nomine
768 1998 847 2081 poni
864 2019 932 2062 non
953 2000 1089 2084 possint,
1108 2015 1142 2064 16

73 2089 129 2154 sed
157 2092 234 2152 sunt
256 2088 416 2173 quaedam
440 2090 522 2152 aliae
546 2107 628 2170 quae
652 2086 763 2151 omnia
791 2084 921 2170 quidem
948 2088 1089 2152 nominis

71 2176 216 2242 habeant
238 2180 271 2239 et
289 2171 419 2239 definite
439 2175 630 2261 significent,
654 2173 710 2238 sed
729 2173 869 2257 quadam
888 2173 953 2237 elia
975 2172 1091 2239 discre-

71 2266 187 2348 pantia
199 2263 333 2329 nomina
352 2263 543 2346 simpliciter
561 2261 624 2327 dici
643 2284 710 2328 non
728 2262 866 2346 possint,
883 2265 921 2327 ut
939 2266 1017 2327 sunt
1035 2263 1090 2328 otu

71 2353 153 2436 liqui
172 2373 265 2416 casus
284 2373 357 2416 cum
376 2350 512 2416 dicimus
532 2350 706 2435 Catonis,
725 2349 879 2434 Catoni,
903 2350 1087 2417 Catonem

71 2446 105 2507 et
124 2445 257 2507 ceteros.
282 2440 400 2506 horum
419 2441 504 2506 enim
519 2441 736 2526 discrepantia
750 2444 800 2505 est
814 2463 833 2504 a
847 2441 988 2523 nomine,
1002 2441 1088 2525 quod
1107 2457 1142 2507 2ο

70 2552 190 2595 nomen
208 2533 332 2595 rectum
349 2531 497 2595 iunctum
515 2552 590 2595 cum
608 2534 667 2595 est
684 2531 736 2595 vel
755 2552 834 2595 non
857 2533 917 2594 est
940 2529 1086 2595 adfirma-

70 2618 196 2682 tionem
204 2618 278 2700 <rel
291 2618 621 2702 negationem>facitz
645 2622 683 2682 ut
706 2620 735 2683 si
754 2619 825 2702 quis
845 2618 932 2682 dicat
951 2615 1088 2683 Socra·

75 2711 134 2773 tes
159 2708 231 2787 est,
260 2704 323 2770 hoc
345 2725 458 2769 verum
480 2709 530 2769 est
551 2706 604 2769 vel
625 2706 754 2773 falsum.
800 2707 828 2772 si
851 2707 936 2772 enim
960 2707 1087 2771 vivente

68 2792 207 2859 'Socrate
235 2792 406 2874 diceretur,
438 2814 550 2858 vorum
578 2797 676 2879 esset,
707 2798 836 2862 mortuo
864 2817 940 2861 vero
967 2796 1087 2861 falsum

71 2887 136 2949 est:
170 2903 268 2966 quare
298 2881 479 2947 adfirmatio
508 2885 565 2947 est.
613 2882 641 2947 si
670 2883 740 2967 quis
769 2889 879 2950 autem
907 2884 993 2951 dicat
1021 2882 1086 2950 So·
1105 2901 1140 2950 25

73 2976 199 3038 crates
231 2993 307 3036 non
340 2974 415 3055 est,
446 2993 557 3037 rursus
585 2972 684 3038 faciet
705 2973 912 3059 negationem
935 2977 969 3037 et
990 2974 1026 3038 in
1049 2993 1087 3038 ea

72 3082 200 3146 quoque
219 3061 339 3126 veritas
360 3064 393 3125 et
410 3059 537 3126 falsitas
556 3061 728 3127 invenitur.
761 3082 838 3147 ergo
853 3083 949 3126 omne
962 3064 1087 3126 rectum

69 3171 189 3214 nomen
212 3149 358 3215 iunctum
381 3172 454 3215 oum
478 3154 536 3215 est
559 3151 609 3215 vel
635 3172 712 3216 non
741 3154 799 3215 ost
831 3150 1087 3215 enuntiationem

71 3239 210 3302 conficit.
242 3236 278 3303 hi
300 3260 376 3303 vero
396 3238 520 3323 obliqui
538 3258 632 3304 casus
651 3239 753 3304 iuncti
771 3260 844 3304 cum
863 3243 923 3303 est
940 3238 992 3303 vel
1010 3259 1086 3302 non

70 3328 129 3390 est
151 3325 408 3392 enuntiationem
430 3327 523 3391 nulla
544 3329 671 3393 ratione
697 3327 876 3410 perficiunt.
904 3327 1085 3391 enuntiatio
1104 3340 1139 3390 30

69 3434 210 3497 namque
221 3417 271 3478 est
278 3415 441 3498 perfectus
451 3417 609 3481 orationis
617 3417 802 3481 intellectus
815 3416 851 3479 in
861 3436 956 3498 quem
966 3414 1085 3478 veritas

142 3589 325 3645 3diceretT
398 3589 512 3645 treib
585 3587 813 3659 tquodSF¹E¹
884 3586 1086 3643 8uocabitS¹

69 3668 103 3718 12
122 3676 224 3716 nomen
243 3659 336 3716 ⁰ch
392 3666 425 3714 14
444 3660 575 3715 solumF
631 3665 664 3715 15
682 3677 740 3715 non
758 3675 808 3714 cue.
824 3657 860 3712 Τ1
915 3664 949 3713 19
969 3676 1035 3729 qum
1050 3661 1085 3727 (2)

70 3731 103 3788 8¹
176 3737 210 3788 21
229 3734 338 3788 rectum
357 3731 499 3784 nomenF
571 3736 614 3787 21.
634 3736 669 3785 22
688 3729 758 3800 adt]
777 3728 999 3785 enuntiationem
1017 3729 1036 3782 b

69 3809 103 3858 22
122 3803 169 3859 vel
188 3819 251 3873 neg.
271 3816 318 3874 epo
337 3800 414 3855 addc
439 3815 489 3854 cm.
509 3802 613 3857 codices
730 3805 765 3854 24
783 3801 828 3854 est
845 3815 875 3853 se
894 3800 917 3853 Ε
937 3801 980 3869 (in
998 3814 1085 3853 mar.

68 3875 153 3941 esset)
213 3877 248 3929 28
267 3887 331 3927 cum
349 3885 399 3926 om.
418 3863 497 3989 ΙῡίΕι
554 3877 588 3926 29
607 3870 679 3926 facit
696 3871 734 3924 T¹
793 3874 827 3924 30
845 3869 915 3938 perf.
934 3867 1043 3924 ratione
