2386 4342
263 219 303 283 16
608 218 779 274 SECVNDA
798 219 923 274 EDITIO

262 385 343 448 quae
366 364 478 428 eadem
500 363 657 429 dictiones
676 368 843 448 vocantur,
867 364 1007 428 sednon
1027 388 1032 427 r

262 456 339 518 sunt
360 473 502 536 namque
524 451 682 517 dictiones
705 456 739 517 et
761 453 844 518 aliae
869 474 1009 537 quoque:

260 541 458 626 inperfectae
493 541 545 605 vel
582 539 757 625 perfectae,
793 543 882 606 cuius
915 542 1023 624 plures

262 650 362 713 supra
379 629 445 693 iam
463 628 566 713 docui,
589 630 675 693 inter
693 651 772 715 quas
791 629 953 713 perfectae
973 635 1037 694 orat

227 720 312 784 cest
334 717 522 783 enuntiatio.
555 722 589 783 et
611 716 690 782 haec
714 740 840 803 quoque
863 719 927 782 alia
946 719 1039 803 simpl

261 806 369 890 posita
396 811 454 871 est.
500 807 539 871 de
570 807 725 890 simplicis
748 828 825 872 vero
850 808 1040 871 enuntiatio]

262 896 347 960 inter
373 894 586 980 philosophos
615 900 950 979 commentatoresque
979 901 1041 959 cert

262 985 348 1049 enim
375 984 507 1069 quidam
535 985 795 1050 adfirmationem
823 989 919 1069 atque
942 989 1041 1070 negat

260 1074 392 1138 tiationi
422 1077 461 1138 ut
491 1074 615 1157 species
646 1075 788 1158 supponi
820 1078 982 1157 oportere,
1018 1074 1045 1136 ir

209 1179 243 1230 10
261 1160 500 1244 Porphyrius
527 1163 590 1225 est:
623 1162 754 1244 quidam
776 1182 852 1226 vero
875 1163 966 1226 nulla
987 1164 1046 1226 rati

261 1249 361 1331 tiunt,
393 1249 449 1312 sed
481 1248 681 1313 contendunt
713 1249 970 1314 adfirmationem
1003 1256 1036 1314 et

263 1337 438 1423 aequivoca
465 1358 535 1401 esse
563 1340 597 1402 et
619 1359 684 1402 uno
708 1338 838 1421 quidem
862 1338 1045 1402 enuntiatio:

261 1426 453 1509 nuncupari,
479 1425 658 1509 praedicari
686 1430 793 1491 autem
822 1426 1044 1490 enuntiatione

262 1534 324 1599 que
352 1516 390 1578 ut
416 1534 537 1579 nomen
559 1515 784 1600 aequivocum,
815 1535 881 1579 non
905 1520 942 1578 ut
965 1536 1044 1599 genu

211 1618 243 1667 15
263 1624 399 1687 quorum
412 1603 563 1687 princeps
577 1603 796 1668 Alexander
810 1606 869 1667 est
899 1625 1034 1685 quorum

263 1691 422 1776 adponere
445 1712 514 1756 non
535 1692 662 1757 videtur
684 1691 808 1756 inutile.
855 1713 893 1755 ac
915 1692 1005 1776 prius
1029 1716 1044 1776 q

263 1781 521 1846 adfirmationem
559 1784 655 1866 atque
690 1781 900 1865 negationem
936 1802 1003 1844 non
1040 1809 1044 1839 ι

264 1870 497 1933 enuntiationis
527 1868 748 1933 Alexander
780 1872 873 1952 putet
904 1869 1043 1933 dicenda:

262 1977 340 2022 vero
373 1956 488 2020 addam
521 1978 585 2041 qua
616 1956 857 2042 Porphyrius
889 1957 969 2021 haec
993 1980 1043 2042 arg

211 2061 245 2111 20
264 2044 455 2110 dissolverit.
509 2044 727 2110 Alexander
764 2066 904 2129 namque
939 2047 1043 2109 idcirc·

264 2154 334 2198 esse
366 2134 488 2218 species
522 2134 754 2200 enuntiationis
786 2133 1042 2199 adfirmationem

263 2245 350 2306 nem,
374 2224 528 2308 quoniam
552 2221 735 2288 adfirmatio
758 2224 848 2307 prior
871 2222 921 2285 sit.
955 2224 1042 2306 prior

263 2311 479 2379 firnationem
511 2312 631 2377 idcirco
664 2315 801 2378 conatur
835 2313 1017 2396 ostendere,

264 2399 396 2482 negatio
419 2399 685 2464 adfirmationem·
698 2401 797 2465 tollat
820 2421 856 2463 ac
881 2400 1033 2466 destruat.

99 2558 103 2563 ⁴
211 2502 245 2550 25
265 2492 323 2571 est,
345 2486 434 2570 prior
452 2491 502 2550 est
521 2487 702 2552 adfirmatio
725 2509 806 2572 quae
831 2488 1004 2554 subruatur
1025 2513 1041 2575 q

264 2597 345 2660 quae
373 2575 515 2639 subruat
560 2575 596 2639 in
622 2576 738 2659 quibus
767 2579 875 2640 autem
903 2579 1041 2661 priusal

265 2664 382 2729 sterius
405 2668 468 2746 est,
495 2663 553 2727 illa
577 2664 637 2728 sub
661 2664 773 2729 eodem
796 2686 914 2751 genere
936 2667 1041 2751 poni:

264 2757 302 2816 ut
328 2753 364 2816 in
392 2773 429 2816 eo
452 2751 549 2816 titulo
572 2753 907 2835 praedicamentorum
934 2754 1040 2820 dictur

264 2840 315 2904 his
349 2862 430 2924 quae
462 2843 539 2904 sunt
570 2841 668 2905 simul
699 2843 895 2908 inscribitur.
954 2842 1040 2927 ampl

213 2947 247 2996 3ο
266 2929 382 3014 omnis,
404 2928 523 3013 inquit,
546 2929 661 2995 divisio
684 2936 743 3016 est,
766 2931 949 2997 adfirmatio
972 2952 1040 3017 con]

265 3018 461 3083 coniunctio.
507 3039 579 3082 cum
606 3020 692 3084 enim
720 3021 792 3087 dico
821 3018 1039 3085 Socratesi

265 3127 339 3170 cum
353 3103 485 3171 Socrate
504 3107 668 3193 coniunxi,
688 3131 760 3174 cum
779 3109 851 3173 dico
872 3105 1039 3175 Socraten

265 3195 367 3259 vitam
387 3217 406 3258 a
421 3193 551 3261 Socrate
570 3196 720 3262 disiunxi.
748 3197 865 3263 divisio
883 3194 986 3279 igitar
1002 3216 1039 3283 qa

264 3282 311 3347 tio
331 3287 389 3368 est,
407 3284 588 3350 coniunctio
608 3286 799 3351 adfirmatio.
827 3282 990 3366 conpositi
1005 3302 1039 3351 at

338 3411 350 3459 1
372 3406 487 3462 eaedem
506 3407 552 3461 SF
625 3407 686 3461 sola
704 3422 766 3478 epo:
795 3404 874 3460 solae
891 3404 995 3461 coaice

265 3482 290 3530 4.
306 3481 322 3530 5
341 3479 383 3532 est
400 3478 542 3549 speciesE
584 3475 816 3533 balias-alias
830 3472 870 3529 ΕΡ
907 3480 940 3529 12
957 3488 1038 3531 unam
