2386 4342
421 980 533 1037 LIBER
551 980 752 1036 SECVNDVS.

135 1128 179 1194 In
202 1131 365 1213 quantum
389 1127 484 1192 labor
506 1126 686 1192 humanum
709 1146 811 1212 genus
835 1128 953 1193 excolit
971 1132 1004 1193 et
1022 1129 1097 1194 bea·

69 1217 212 1284 tissimis
240 1215 367 1302 ingenii
389 1214 551 1280 fructibus
575 1215 719 1298 conplet,
741 1215 770 1280 si
792 1218 920 1280 tantum
943 1238 1021 1282 oura
1044 1240 1095 1283 ex-

69 1305 229 1373 ercendae
258 1303 381 1370 mentis
411 1304 591 1386 insisteret,
623 1324 691 1368 non
720 1306 789 1367 tam
816 1305 899 1369 raris
926 1304 1095 1372 hominum

68 1395 249 1460 virtutibus
276 1396 457 1458 uteremur:
486 1391 544 1457 sed
567 1391 624 1456 ubi
647 1389 771 1456 desidie
794 1391 936 1458 demittit
957 1395 1096 1477 animoa

70 1483 228 1549 continuo
260 1481 419 1547 feralibus
452 1479 637 1546 seminariis
673 1480 774 1544 animi
809 1481 890 1547 uber
924 1481 1129 1548 horrasoito

69 1592 131 1636 neo
159 1570 226 1636 hoo
254 1569 444 1656 cognitione
473 1568 597 1634 laboris
627 1569 756 1634 evenire
779 1570 1004 1653 concesserim,
1036 1571 1094 1636 sed

68 1660 182 1744 potius
214 1658 413 1744 ignorantia.
452 1658 525 1742 quis
557 1657 645 1722 enim
677 1657 847 1723 laborandi
873 1659 997 1743 peritus
1024 1682 1093 1724 um·

69 1771 169 1833 quam
198 1747 313 1814 labore
341 1746 514 1812 discessit?
560 1767 659 1830 quare
682 1746 879 1812 intendenda
901 1747 949 1812 vis
973 1749 1094 1813 mentis

67 1842 118 1902 est
141 1852 321 1920 verumque
345 1838 397 1900 est
420 1835 529 1901 amitti
552 1835 706 1918 animum,
729 1836 758 1900 si
780 1836 965 1901 remittitur.
1011 1836 1093 1901 mihi

66 1929 181 1993 autem
210 1927 240 1991 si
269 1924 439 2009 potentior
469 1924 650 1988 divinitatis
681 1924 831 1989 adnuerit
862 1924 970 2007 favor,
1011 1924 1092 1991 haee
1112 1926 1146 1988 1'0

66 2016 132 2080 fixa
156 2013 324 2080 sententia
348 2016 407 2097 est
430 2017 468 2078 ut
490 2033 687 2097 quamquam
709 2012 832 2077 fuerint
855 2013 1022 2096 praeclara
1045 2015 1092 2078 in·

65 2103 182 2189 genia,
215 2120 358 2187 quorum
385 2102 479 2168 labor
507 2123 544 2166 ao
572 2099 717 2165 studium
745 2101 851 2164 multa
873 2100 913 2164 de
935 2100 986 2163 his
1010 2122 1092 2184 quae

64 2213 155 2256 nune
192 2211 323 2274 quoque
360 2194 540 2255 tractamus
578 2187 714 2253 Latinae
746 2188 877 2274 linguae
909 2188 1092 2271 contulerit

63 2303 133 2347 non
175 2286 291 2346 tamen
328 2279 491 2363 quendem
529 2276 767 2362 quodammodo
805 2276 951 2344 ordinem
987 2275 1091 2340 filum·

67 2388 132 2453 que
166 2369 201 2431 et
233 2365 447 2450 dispositione
479 2365 726 2449 disciplinarum
758 2366 879 2452 gradm
912 2365 1090 2449 ediderunt,
1109 2378 1143 2427 15

64 2478 128 2544 ego
154 2475 253 2521 omne
281 2454 517 2521 Aristotelis
545 2476 642 2538 opus,
671 2455 894 2539 quodcumque
917 2454 952 2518 in
976 2474 1091 2519 manus

64 2545 208 2628 venerit,
236 2545 274 2609 in
295 2542 482 2610 ¹Romanum
512 2544 624 2609 stilum
647 2548 776 2609 vertens
805 2560 917 2608 eorum
947 2542 1092 2606 omnium

64 2636 256 2701 commenta
278 2630 398 2698 Latina
421 2632 569 2698 oratione
592 2633 804 2715 pensantem,
836 2633 874 2694 ut
902 2629 930 2693 si
952 2628 1092 2712 quidex

64 2723 196 2808 logicae
219 2721 301 2786 artis
323 2721 519 2803 subtilitate,
542 2741 583 2784 ex
604 2720 737 2784 moralis
762 2719 924 2804 gravitate
946 2715 1091 2799 peritiae,

66 2833 108 2875 ex
141 2809 305 2875 naturalis
338 2809 486 2874 acumine
516 2806 663 2871 veritatis
693 2808 734 2872 ab
765 2805 984 2871 Aristotele
1014 2825 1089 2868 oon·
1109 2817 1144 2867 20

64 2900 230 2983 seriptum
263 2896 322 2981 sit,
354 2896 389 2962 id
421 2918 517 2962 omne
550 2893 735 2961 ordinatum
767 2894 963 2961 transferam
994 2896 1091 2976 atque

63 2989 165 3054 etiam
195 2986 341 3071 quodam
368 2985 491 3050 lumine
515 2984 798 3050 commentationis
821 2983 990 3046 inlustrem
1022 3002 1091 3044 om·

64 3098 192 3163 nesque
223 3073 405 3139 Platonis
436 3073 585 3157 dialogos
615 3073 770 3138 vertendo
802 3071 853 3135 vel
881 3070 981 3135 etiam
1004 3090 1091 3133 oom-

83 3322 90 3334 .
137 3247 513 3350 21111111111111111111113.
533 3247 669 3328 11111119.
690 3245 741 3328 8¹?
814 3243 839 3298 si
856 3243 924 3298 inb
957 3311 966 3341 ¹
995 3247 1089 3295 tom·

60 3314 185 3449 ildithF
227 3394 243 3442 7
261 3317 374 3457 piritiii
377 3316 546 3443 liddoffandi
546 3318 637 3437 1lilim
651 3321 779 3441 geiseriab.
799 3320 824 3440 li
844 3311 1090 3436 mbiirtindendir'el

61 3470 96 3520 10
116 3461 206 3516 fabur
225 3456 259 3512 5¹
333 3464 365 3512 11
384 3460 418 3513 ut
436 3458 503 3527 quia
521 3473 693 3525 quamquam
711 3455 789 3522 E'B,
808 3456 841 3508 ut
850 3451 906 3579 {llll
918 3465 1090 3518 quamquam

59 3536 82 3590 F
149 3526 833 3597 13111111111111111101111111111111111111.
944 3524 977 3573 11
996 3519 1090 3588 dispo-

60 3606 165 3677 sitione
187 3599 272 3670 W,
292 3598 468 3669 disponendo
488 3600 549 3664 (eru.
565 3597 637 3664 et)b
710 3594 850 3652 ediderint
867 3592 888 3644 F
963 3595 996 3644 16
1014 3587 1090 3657 quod

59 3695 127 3734 eum
143 3673 184 3730 Ε]
262 3666 644 3740 181111111111611ΝΙΤΕι
715 3671 751 3722 20
773 3664 810 3718 ab
829 3659 981 3716 Aristotele
1000 3657 1089 3714 oms

58 3750 137 3820 (odd.
157 3736 207 3814 8¹)
302 3745 345 3796 20.
363 3746 398 3793 21
423 3739 533 3801 oonsori
552 3740 613 3792 tum
636 3736 675 3790 eit
698 3731 814 3791 usm‘:
843 3730 1001 3799 conscripta
1024 3728 1090 3782 sont

58 3819 148 3888 SFE,
169 3811 365 3885 transcriptum
385 3810 429 3863 eet
447 3806 513 3861 TE²
547 3806 558 3839 ²
637 3812 671 3860 11
691 3804 778 3860 etiam
795 3817 855 3873 eqo:
876 3794 1090 3866 1111111111,

56 3878 463 3947 ids²o²sneeiraen
