2386 4342
519 612 575 669 Ie.
596 618 619 667 1.
942 635 947 645 ·
1035 610 1076 675 27

58 761 200 846 gitantes
223 757 443 842 incorporales
474 757 632 841 quasdam
660 761 793 823 naturas
825 755 1079 839 constituebant,

57 871 138 932 quas
157 849 200 913 ad
223 846 472 932 significandum
490 846 612 930 primas
634 847 743 912 venire
765 845 933 930 putabant
951 849 984 909 et
1006 864 1077 909 cum

58 937 131 1001 aliis
144 937 225 1001 item
238 937 335 1000 rebus
348 936 384 999 in
393 935 685 1022 significationibus
699 956 797 1019 posse
810 933 980 1018 coniungi,
994 937 1031 997 ut
1041 954 1078 997 ex

57 1025 110 1091 his
133 1025 242 1108 aliqua
264 1024 444 1089 enuntiatio
467 1024 521 1090 vel
542 1025 646 1090 oratio
669 1023 891 1089 conficeretur.
924 1022 982 1087 alii
1000 1043 1076 1087 vero

56 1135 189 1196 sensus,
219 1113 274 1177 alii
302 1112 554 1197 imaginationes
577 1112 757 1198 significari
779 1111 916 1177 vocibus
940 1109 1113 1177 arbitros

22 1216 25 1221 '
59 1202 190 1267 bantur.
235 1222 308 1266 cum
337 1201 438 1286 igitur
465 1202 531 1266 ists
560 1207 648 1267 esset
675 1200 846 1265 contentio
875 1198 963 1282 apud
985 1220 1076 1283 supe·

60 1290 164 1355 riores
191 1293 224 1354 et
248 1289 331 1354 haec
356 1302 461 1373 usque
489 1288 531 1352 ad
551 1287 746 1353 Aristotelis
769 1287 973 1368 pervenisset
995 1292 1078 1351 aeta·

60 1382 143 1460 tem,
169 1398 302 1442 necesse
328 1376 392 1441 fuit
419 1377 476 1460 qui
501 1397 620 1443 nomen
644 1378 679 1440 et
701 1372 839 1438 verbum
863 1372 1079 1458 significativa

59 1470 151 1531 esset
178 1465 368 1528 definiturus
395 1462 593 1547 praediceret
620 1484 762 1549 quorum
786 1461 851 1527 ista
874 1461 1079 1547 designative

62 1554 140 1617 sint
172 1551 407 1617 Aristoteles
431 1553 515 1618 enim
535 1552 725 1620 nominibus
750 1554 783 1617 et
805 1551 913 1616 verbis
931 1572 985 1615 res
1004 1550 1076 1615 sub
1096 1570 1131 1621 lo

62 1641 164 1704 iectas
188 1640 361 1726 significari
383 1662 449 1706 non
467 1646 568 1727 putat,
589 1663 653 1709 nec
671 1662 752 1707 vero
771 1661 886 1706 sensus
905 1640 959 1705 vel
977 1640 1073 1705 etiam

59 1728 318 1813 imaginationes.
345 1750 495 1796 sensuum
513 1733 641 1817 quidem
661 1752 731 1797 non
750 1750 821 1795 esse
840 1728 1074 1815 significativas

59 1840 154 1882 voces
182 1818 314 1883 nomina
341 1823 373 1883 et
395 1819 494 1884 verba
515 1820 549 1886 in
572 1840 672 1906 opere
696 1817 742 1884 de
765 1818 924 1883 iustitia
952 1818 999 1882 sic
1022 1816 1073 1882 de·

56 1908 162 1972 clarat
188 1906 298 1971 dicens
326 1903 427 1990 φύσει
453 1906 518 1992 γὰρ
544 1903 655 1985 εὐθὺς
683 1903 842 1993 διῄρηται
868 1902 909 1970 τά
937 1928 972 1971 τε
995 1902 1072 1989 νοή-

56 2018 145 2079 ματα
180 1993 236 2059 καὶ
273 1991 313 2059 τὰ
351 1992 556 2080 αἰσθήματα,
594 1996 685 2083 quod
717 1995 927 2079 interpretari
959 1993 1074 2059 latine
1094 2014 1127 2063 ru

57 2087 166 2168 potest
183 2084 246 2149 hoc
260 2082 370 2149 modo:
388 2088 525 2150 nutura
542 2082 968 2166 enim<statim>divisa
986 2090 1074 2147 sunt

56 2172 291 2238 intellectus
314 2175 352 2236 et
375 2193 520 2237 sensus.
563 2172 694 2238 differre
717 2171 822 2257 igitur
845 2170 966 2255 aliquid
990 2169 1073 2234 arbi·

56 2263 162 2325 tratur
193 2280 325 2324 sensum
354 2263 451 2344 atque
478 2261 687 2327 intellectum.
729 2259 787 2325 sed
817 2260 873 2345 qui
903 2259 1072 2343 passiones

58 2348 184 2424 animae
209 2371 229 2412 a
251 2348 383 2413 vocibus
407 2348 581 2433 significari
604 2349 693 2434 dicit,
716 2348 747 2413 is
768 2370 836 2414 non
859 2348 898 2413 de
921 2348 1071 2413 sensibus
1114 2362 1119 2371 ’

56 2436 208 2521 loquitur.
260 2458 375 2501 sensus
407 2438 491 2503 enim
522 2440 669 2524 corporis
701 2436 872 2523 passiones
905 2442 989 2502 sunt
1041 2438 1069 2503 si
1089 2457 1124 2509 so

58 2525 158 2610 igitur
180 2527 231 2590 ita
252 2525 390 2599 dixisset
410 2527 575 2608 passiones
597 2527 745 2609 corporis
770 2548 793 2590 a
813 2525 948 2590 vocibus
971 2525 1071 2608 signi·

56 2613 155 2698 finan,
171 2617 254 2678 tunc
270 2613 389 2677 merito
408 2633 521 2678 sensus
537 2615 816 2697 intellegeremus.
842 2612 899 2676 sed
918 2612 1070 2697 quoniam

56 2702 227 2783 passiones
255 2700 384 2763 animae
409 2701 542 2764 numina
560 2706 602 2783 {et
625 2700 726 2766 verba
746 2700 932 2785 significare
952 2722 1070 2785 propo-

59 2789 133 2871 suit,
154 2809 224 2852 non
247 2807 362 2853 sensus
386 2787 441 2852 sed
463 2788 648 2855 intellectus
671 2811 744 2857 eum
768 2789 872 2855 dicere
889 2790 1067 2875 putandum

57 2881 114 2942 est.
160 2876 218 2942 sed
242 2876 396 2961 quoniam
419 2876 609 2964 imaginatio
633 2900 760 2964 queque
783 2900 835 2945 res
858 2880 985 2945 animae
1008 2886 1067 2963 est,
1085 2900 1121 2951 ee

58 2965 255 3031 dubitaverit
283 2964 466 3050 aliquisne
492 2967 577 3032 forte
606 2968 776 3051 passiones
804 2969 930 3035 animae
953 2970 1066 3055 imagi·

127 3146 161 3195 14
179 3142 228 3195 Ar.
247 3139 349 3209 fragm.
368 3139 432 3195 cclL
450 3140 550 3198 VBose
570 3146 606 3198 ’16

126 3305 143 3352 2
162 3315 214 3367 per
234 3313 304 3366 quas
322 3313 352 3351 se
370 3297 407 3351 F’
494 3307 513 3355 9
535 3300 713 3370 designativa
731 3304 763 3357 b:
783 3304 800 3358 d
879 3304 1007 3359 ificatiua
1023 3320 1064 3361 co

55 3370 128 3455 dicae
196 3374 238 3452 '14
256 3362 387 3451 διῄρηται
404 3386 452 3441 eqo
469 3372 515 3439 (os.
534 3371 587 3426 Ar.
607 3376 691 3438 1162,
700 3378 741 3429 22
760 3320 892 3430 diffidens.
917 3373 1004 3440 VIII,
1018 3380 1065 3431 n.-

56 3444 146 3502 ευθυς
168 3458 227 3507 γαρ
251 3439 380 3506 deponens
400 3441 437 3495 τὰ
459 3440 529 3511 ἔργα
551 3443 603 3495 aut
625 3440 698 3497 Inus
723 3442 806 3513 isson
829 3440 934 3513 eistete
951 3446 1001 3500 ut
1019 3467 1064 3514 yo-

53 3507 175 3580 ιααός);
196 3515 389 3590 Arearum
404 3510 581 3581 SGNJTE;
608 3514 687 3569 seba
711 3514 819 3570 Graeca
840 3532 890 3571 αα,
913 3516 1067 3581 Uener

54 3588 125 3632 rAr
143 3587 214 3632 nro
233 3581 265 3635 et
282 3579 341 3633 aha
356 3581 389 3634 ia
407 3599 491 3654 mc.
510 3583 569 3651 Ρ),
586 3582 681 3638 dicens
697 3586 744 3641 hie
762 3586 843 3641 deest
859 3604 971 3657 grecum
990 3594 1062 3659 quod

54 3650 239 3723 interpretur·
257 3650 282 3703 B
363 3656 397 3705 re
413 3659 634 3735 nmium
652 3654 705 3709 du
784 3656 884 3715 Latine
901 3660 992 3716 ααῖ

52 3877 100 3920 on.
