2386 4342
144 226 190 289 44
493 220 664 278 SECVNDA
681 220 807 278 EDITIO

145 372 297 454 taeque.
328 367 486 433 nomina
504 365 629 452 igitur
646 367 731 451 ipsa
750 369 788 431 et
805 365 922 431 verba
936 364 1163 432 consimilia

53 498 65 519 .
146 461 239 522 sunt
271 457 357 522 sine
394 454 667 538 conpositione
711 455 771 519 vel
807 451 1002 519 divisione
1038 453 1163 521 intel-

145 544 282 628 lectui,
304 548 346 609 ut
363 543 475 609 homo
491 544 553 609 vel
571 543 713 626 album,
737 543 888 628 quando
906 562 981 607 non
1003 542 1164 609 additur

147 631 308 716 aliquid3
336 653 458 716 neque
487 631 587 698 enim
614 631 737 696 adhuc
766 652 896 695 verum
922 632 988 694 aut
1018 629 1164 697 falsum

110 724 214 788 test
250 720 364 785 huius
388 723 514 786 autem
542 720 696 805 signum
718 719 789 784 hoo
818 722 887 783 est:
911 717 1164 785 hircocervus

146 809 247 874 enim
266 808 474 894 significat
493 806 656 892 aliquid,
679 806 743 873 sed
762 806 927 871 nondum
949 827 1081 872 verum
1102 809 1164 873 vel

146 897 299 983 falsum,
327 898 360 964 si
386 918 461 962 non
489 897 551 963 vel
579 917 662 960 esse
690 896 749 961 vel
775 916 852 960 non
875 915 960 960 esse
983 895 1164 981 addatur,

144 988 206 1052 vel
224 986 463 1069 simpliciter
485 986 546 1050 vel
569 984 775 1049 secundum
798 988 957 1067 tempus.

235 1074 396 1149 Quoniam
422 1094 543 1138 nomen
569 1077 604 1136 et
630 1073 765 1137 verbum
791 1075 888 1156 atque
921 1071 1027 1135 omnis
1055 1071 1163 1136 oratio

70 1180 128 1231 ..ro
137 1161 364 1246 significativa
377 1160 595 1225 suntanimae
609 1161 808 1243 passionum
826 1181 865 1224 er
878 1159 959 1242 ipsis
973 1159 1043 1222 sine
1062 1158 1164 1225 dubie
1184 1228 1188 1232 ,

146 1270 229 1332 quae
257 1248 430 1332 designant
456 1248 491 1311 in
519 1247 640 1312 eisdem
666 1247 800 1312 vocibus
828 1247 1010 1331 proprietas
1038 1247 1164 1332 signiti-

147 1335 284 1401 cationis
302 1335 489 1400 inmscitur.
525 1335 579 1399 hio
597 1356 679 1399 vero·
692 1339 743 1399 est
760 1338 850 1399 totus
869 1340 967 1418 atque
986 1335 1161 1401 continuus

147 1423 429 1489 Aristotelicae
452 1424 532 1489 ordo
556 1423 749 1488 sententiae:
785 1423 952 1507 quoniam,
978 1423 1106 1508 inquit,
1124 1445 1164 1488 ea

147 1510 289 1594 primum
304 1511 435 1576 vocibus
449 1510 675 1597 significantur
688 1532 770 1596 quae
786 1511 894 1577 animo
909 1515 942 1576 et
959 1511 1163 1596 cogitatione

95 1615 127 1664 15
148 1619 327 1684 versamus,
349 1599 496 1665 intellect
481 1603 574 1665 tuum
592 1619 667 1665 vero
692 1599 775 1665 alios
798 1598 928 1685 quidem
946 1599 1111 1683 simplices
1130 1603 1164 1667 et

51 1703 128 1754 asco
148 1688 216 1753 sine
238 1688 306 1752 veri
329 1689 381 1754 vel
403 1688 480 1753 falsi
503 1688 726 1753 enuntiatione
748 1687 986 1772 perpendimus,
1004 1689 1068 1766 lut
1088 1708 1164 1755 curu

149 1776 244 1842 nobis
267 1776 408 1842 hominis
431 1777 614 1860 proprietas
637 1776 739 1841 tacita
760 1776 995 1861 imaginatione
1019 1777 1164 1861 suggeri·

146 1867 200 1927 tur
228 1861 331 1945 (nulla
358 1884 499 1947 namque
527 1885 566 1926 ex
593 1864 732 1928 haot
681 1886 717 1928 m
717 1864 925 1949 tellegentiae
952 1864 1164 1947 simplicitate

148 1949 201 2013 vel
222 1949 370 2014 veritatis
395 1950 540 2014 nascitm
562 1951 613 2015 vel
634 1951 789 2016 falsitatis
813 1950 962 2036 agnitio),
985 1956 1063 2016 sunt
1086 1972 1164 2019 uero

94 2055 128 2104 ao
147 2036 331 2102 intellectus
351 2036 482 2122 quidam
505 2038 666 2120 conpositi
684 2041 781 2122 atque
800 2040 995 2104 coniuncti
983 2040 1161 2124 inquibus

147 2125 233 2189 inest
254 2125 321 2190 iam
339 2125 497 2210 quaedam
517 2125 664 2191 ueritatis
687 2127 739 2190 vel
756 2125 912 2192 falsitatis
934 2128 1104 2214 inspectio,
1122 2132 1165 2195 ut

148 2235 220 2279 cum
244 2213 285 2279 ad
304 2214 483 2300 quamlibet
502 2214 683 2298 simplicem
698 2215 942 2300 perceptionem
964 2217 1083 2281 mentis
1104 2216 1165 2283 ad·

146 2302 292 2385 iungitur
310 2305 396 2368 aliud
419 2302 505 2388 quod
518 2324 589 2369 esse
605 2304 726 2389 aliquid
739 2305 791 2370 vel
805 2325 872 2369 non
885 2325 955 2369 esee
974 2305 1171 2391 constituat.

146 2391 184 2452 ut
211 2389 239 2452 si
265 2389 307 2452 ad
333 2391 552 2455 hominist
500 2412 536 2454 m
537 2392 703 2458 tellectum
730 2414 801 2458 esse
829 2393 882 2457 vel
910 2413 979 2456 uon
1005 2412 1085 2456 esse
1109 2393 1166 2462 vel

94 2492 128 2542 25
148 2475 259 2539 album
282 2497 352 2540 esse
375 2477 425 2542 vel
449 2478 558 2542 album
581 2500 647 2543 non
669 2501 740 2544 esse
764 2479 931 2562 copuletur
953 2476 1049 2561 (fient
1074 2482 1166 2549 enim

147 2563 338 2647 cogitabiles
366 2568 439 2629 orat
439 2564 530 2630 iones
559 2567 706 2632 veritatis
735 2566 788 2631 vel
809 2563 965 2628 falsitatis
987 2564 1166 2650 participes

146 2650 208 2715 hoc
226 2651 338 2716 modo
361 2651 474 2717 homo
497 2658 571 2739 est,
593 2654 707 2720 homo
724 2673 802 2718 non
818 2654 895 2733 est
908 2650 1028 2714 homo
1048 2653 1167 2725 albus

146 2742 219 2822 est,
246 2738 362 2804 homo
390 2740 500 2805 albus
527 2763 603 2808 non
631 2747 703 2826 est,
730 2759 867 2824 quarum
894 2739 1022 2823 quidem
1048 2739 1167 2812 homo

147 2829 206 2890 est
232 2827 284 2891 vel
311 2827 426 2894 homo
452 2828 586 2894 albus
580 2835 654 2895 ‘est
680 2792 905 2911 conpositione
929 2827 1058 2893 dicitur:
1079 2850 1159 2898 nam

94 2930 127 2979 30
145 2913 236 2997 prior
262 2935 332 2979 esse
356 2918 452 3000 atque
482 2916 663 3000 hominem,
690 2913 856 3000 posterior
886 2914 1051 2981 hominem
1084 2919 1150 2987 alb«

147 3003 315 3086 conposita
332 3003 516 3069 intellectus
529 3003 770 3087 praedicatione
784 3001 949 3090 conectit):
964 3006 1015 3070 sin
1028 3027 1105 3072 veno
1119 3008 1152 3075 ai

147 3088 289 3154 hominis
308 3090 507 3155 intellectum
525 3091 664 3156 adiciam
682 3089 843 3174 quiddam,
866 3096 903 3156 ut
921 3094 968 3158 ita
987 3094 1030 3158 sit
1047 3094 1154 3203 home

222 3242 317 3312 lipsa
330 3251 395 3312 post
411 3245 539 3300 verbaF
639 3243 790 3300 etsimilia
808 3248 954 3318 (capream
974 3248 1079 3320 ocn)T
1149 3268 1155 3299 .=

148 3312 237 3366 thoe
256 3315 366 3368 estem.
385 3317 414 3368 Σ
454 3315 513 3370 'lei
531 3330 588 3369 non
606 3315 730 3370 velasse
748 3332 797 3372 orn.
817 3319 839 3372 F
876 3319 1032 3391 additur'l',
1046 3318 1148 3377 m?

150 3383 231 3436 14111
250 3383 385 3440 animoT
447 3390 479 3440 15
498 3386 645 3440 uersentur
664 3385 737 3440 S²²F
792 3396 824 3442 1⁷
844 3390 1017 3445 hominisb=
1010 3363 1127 3473 mouri!

148 3453 205 3509 cod.
242 3453 406 3510 2611111111
367 3455 558 3528 lsitatielsllsS,
567 3456 675 3513 falsitat
676 3458 817 3528 isqua(om
819 3460 952 3529 .vel)TE
989 3460 1112 3533 1111111
