2386 4342
530 577 543 632 1
562 594 585 634 o.
606 583 630 634 1.
1048 578 1090 643 15

72 724 210 791 'veniant
236 723 289 789 vel
317 721 405 807 quod
430 725 559 808 tempus
585 722 719 807 propria
747 722 984 808 significatione
1014 745 1089 791 oon·

75 814 216 898 tineent,
238 811 479 879 interiectiones
502 832 579 878 uero
602 814 699 896 atque
721 813 917 896 pronomina
938 833 998 878 neo
1022 833 1090 878 non

76 902 230 968 adverbia
251 902 287 968 in
308 900 451 967 nominis
473 901 545 967 loeo
568 899 720 985 ponenda
742 904 833 986 sunt,
859 901 978 967 idcireo
1003 899 1090 986 quod

77 990 199 1077 aliquid
222 990 408 1076 significant
431 988 606 1075 definitum,
628 989 687 1055 ubi
707 989 799 1056 nulla
821 994 871 1056 est
892 990 944 1057 uel
966 990 1089 1075 passio

75 1080 128 1145 nis
156 1079 350 1166 significatio
377 1078 430 1144 vel
457 1079 604 1145 astionis
650 1078 737 1164 quod
765 1077 795 1145 si
821 1079 950 1146 casibus
972 1078 1124 1145 horama

77 1168 235 1252 quaedam
255 1167 342 1234 flecti
362 1189 430 1234 non
451 1172 600 1252 possunt,
621 1166 706 1232 nihil
726 1166 860 1269 inpedit
901 1171 979 1233 sunt
1002 1167 1088 1233 enim

76 1256 237 1342 quaedam
258 1257 394 1322 nomina
416 1277 499 1340 quaa
517 1257 747 1338 monoptota
764 1254 982 1320 nominantur
1004 1254 1090 1338 quod

78 1347 106 1411 si
129 1345 202 1429 quis
224 1346 290 1410 ista
311 1344 443 1428 longius
471 1345 505 1407 ot
525 1363 594 1407 non
615 1341 762 1425 proxime
784 1341 890 1425 petita
912 1363 983 1407 esse
1007 1342 1089 1408 arbi-

76 1437 191 1516 tretur,
212 1432 292 1497 illud
314 1435 426 1495 tamen
449 1428 604 1514 coneedit,
627 1428 713 1514 quod
736 1451 834 1515 supra
857 1430 923 1495 iam
942 1429 1090 1515 diximus,

77 1519 893 1693 tlt?tittmtutttttttttttsstt
909 1520 1089 1694 ζῗέιοιὶι,
1109 1536 1142 1586 ¹⁰

78 1696 164 1782 quod
174 1659 313 1761 ⁷tumtan
336 1696 399 1762 sibi
421 1697 462 1762 ad
485 1696 706 1763 definitionem
724 1698 909 1782 sumpserit,
931 1700 1090 1783 quantum

77 1785 253 1851 arbitratus
281 1785 325 1851 sit
352 1785 443 1870 operi
470 1786 622 1853 instituto
650 1786 809 1853 sufficere.
853 1808 952 1873 quare
982 1785 1089 1852 dioen-

77 1875 154 1940 dum
177 1877 228 1939 est
246 1875 252 1955 Ι
271 1873 482 1940 Aristotelem
503 1895 573 1940 non
595 1877 700 1942 omnia
724 1875 879 1941 orationis
898 1879 1007 1959 partes
1026 1874 1089 1941 hoo
1107 1903 1135 1956 p.
1143 1891 1186 1942 aa

77 1985 172 2048 opere
190 1963 272 2028 velle
295 1962 436 2047 definire,
459 1961 516 2027 sed
537 1965 666 2029 tantum
689 1964 791 2028 solius
813 1964 967 2048 simplicis
990 1979 1142 2031 anun-1⁶

76 2053 210 2118 tiativae
230 2051 397 2134 orationis,
420 2071 502 2135 quae
521 2053 597 2118 sunt
616 2051 739 2116 sufficet
755 2071 876 2116 nomon
894 2055 928 2116 et
945 2052 1089 2117 verbum.

77 2141 306 2226 argumentum
343 2142 452 2204 autem
487 2137 585 2205 huius
621 2139 669 2205 rei
703 2137 766 2204 hoo
802 2142 860 2204 est.
915 2142 1089 2223 postquam

78 2229 164 2294 enim
197 2227 372 2312 proposuit
402 2226 525 2292 dicens:
556 2227 720 2312 primum
753 2231 910 2313 oportet
942 2228 1088 2294 eonsti-

77 2321 200 2402 tuere,
233 2315 310 2400 quid
338 2316 382 2381 sit
408 2337 528 2381 nomen
551 2320 584 2381 et
607 2316 683 2402 quid
706 2317 853 2401 verbum,
883 2338 952 2384 non
976 2317 1088 2382 statim

76 2405 195 2490 inquit,
227 2404 304 2488 quid
332 2405 375 2470 sit
402 2404 520 2488 oratio,
553 2405 609 2470 sed
637 2428 714 2472 mox
742 2405 866 2472 addidit
888 2411 922 2471 et
944 2404 1021 2492 quid
1045 2406 1088 2471 sit
1107 2423 1140 2474 ιο

75 2494 223 2579 negatio,
254 2493 331 2578 quid
359 2493 557 2578 adfirmatio,
589 2494 666 2579 quid
696 2495 891 2578 enuntiatio,
922 2498 1088 2577 postremo

75 2605 153 2648 vero
177 2582 254 2666 quid
277 2582 392 2648 oratio.
437 2580 525 2663 quod
546 2582 576 2646 si
598 2581 637 2646 de
660 2583 750 2647 omni
774 2583 921 2648 oratione
943 2582 1088 2664 loquere·

76 2674 143 2754 tur,
175 2672 252 2753 post
279 2690 400 2733 nomen
430 2671 463 2733 et
490 2669 626 2734 verbum
652 2669 781 2734 nonde
808 2669 1032 2735 adfirmatione
1056 2673 1089 2736 et

77 2759 250 2842 negatione
274 2762 307 2822 et
328 2760 405 2842 post
426 2757 512 2823 hano
536 2756 575 2821 de
597 2757 833 2844 enuntiatione,
861 2758 918 2824 sed
944 2781 1020 2825 mox
1048 2758 1087 2825 do

77 2847 224 2913 oratione
252 2846 395 2912 dixisset.
440 2867 526 2910 nuno
553 2866 629 2912 vero
657 2846 810 2931 quoniam
840 2851 917 2932 post
944 2847 1086 2913 nominis
1106 2864 1140 2914 ao

76 2940 110 3000 et
131 2935 222 3000 verbi
243 2935 500 3020 propositionem
525 2935 794 3020 adfirmationem,
821 2936 1031 3021 negationem
1054 2940 1087 3001 et

77 3025 333 3090 enuntiationem
361 3027 394 3088 et
416 3026 493 3107 post
516 3024 697 3089 orationem
719 3025 905 3110 proposuit,
933 3025 1087 3090 confiten-

75 3112 152 3178 dum
176 3115 234 3198 est,
256 3112 290 3177 id
312 3111 398 3198 quod
421 3115 496 3177 ante
520 3112 669 3198 diximus,
690 3134 758 3179 non
780 3114 939 3180 orationis
962 3113 1087 3178 univer-

77 3201 169 3284 salis,
198 3201 254 3264 sed
276 3200 435 3285 simplicis
459 3201 679 3267 enuntiativae
702 3202 874 3288 orationis,
902 3224 984 3287 quae
1008 3202 1087 3267 divi-

76 3288 165 3353 ditur
186 3288 222 3352 in
245 3288 502 3355 adfirmationem
525 3294 622 3375 atque
644 3292 867 3375 negationem,
894 3290 1085 3356 divisionem
1104 3306 1139 3357 30

74 3376 218 3462 partium
244 3375 350 3442 fauere
377 3378 532 3461 voluisse,
563 3400 645 3464 quae
669 3383 745 3445 sunt
766 3381 902 3445 nomina
924 3382 957 3444 et
978 3378 1085 3443 verba

74 3466 155 3531 haee
180 3464 267 3530 enim
290 3486 348 3550 per
369 3488 403 3532 se
426 3467 499 3551 ipsa
520 3467 720 3533 intelletum
744 3468 922 3553 simplicem
946 3470 1086 3552 servant,

150 3621 412 3680 lacontinentF
485 3623 691 3694 tmonoptad
764 3623 970 3680 aoonoedatb
1052 3629 1086 3679 10

74 3693 167 3750 oalum
167 3693 301 3765 pniariE
339 3699 421 3747 eum?
463 3699 495 3748 11
512 3695 624 3749 tantum
642 3695 733 3751 dell’
773 3693 965 3752 enuntiatione
983 3693 1086 3751 aaa&

75 3770 108 3820 12
127 3712 323 3835 sumpseratF
410 3769 444 3820 14
462 3780 558 3821 omnes
576 3765 651 3822 SFT
738 3765 931 3823 aoetonal'
1003 3766 1086 3820 atet

72 3836 256 3906 negationem
274 3835 342 3892 etF
406 3839 439 3890 31
458 3835 546 3891 uerba
564 3837 594 3892 et
610 3835 765 3893 nominaF
