2386 4342
121 202 142 265 6
464 197 634 254 SECVNDA
652 198 778 254 EDITIO

120 349 188 429 tur,
224 346 282 410 illa
315 344 532 430 significativa
563 367 625 410 vox
657 343 810 409 redditur.
869 345 1134 411 concurrentibus

120 435 221 520 igitur
243 434 296 498 his
318 434 437 498 tribus:
461 433 591 518 linguae
613 433 831 517 percussione,
855 433 1027 499 articulato
1046 434 1135 498 vocis

121 523 240 606 sonitu,
263 522 496 608 imaginatione
515 522 623 606 aliqua
640 521 825 606 proferendi
843 522 883 586 fit
899 522 1136 606 interpretatio.

120 611 347 694 interpretatio
370 632 511 696 namque
534 613 670 676 estrox
692 611 864 676 articulata
885 632 943 696 per
967 632 1000 676 se
1028 612 1136 695 ipsam

86 699 318 784 osignificans.
351 701 502 784 quocirca
524 721 593 766 non
615 700 721 765 omnis
740 721 803 790 vox
815 701 1052 788 interpretatio
1076 704 1135 766 est

121 790 197 853 sunt
220 789 307 853 enim
331 792 511 855 ceterorum
534 789 723 854 animalium
745 809 850 871 voces,
872 810 955 875 quae
977 789 1134 873 interpre-

120 877 254 942 tationis
285 879 443 943 vocabulo
476 899 544 943 non
574 881 735 943 tenentur.
784 899 845 943 ncc
877 879 983 942 omnis
1011 878 1134 944 locutio

119 966 347 1049 interpretatio
376 970 439 1049 est,
471 967 592 1032 idcirco
621 967 708 1052 quod
737 964 788 1053 (ut
814 967 937 1032 dictum
967 964 1031 1052 est)
1059 972 1136 1032 sunt

119 1055 300 1119 locutiones
315 1054 483 1139 quaedam,
503 1076 585 1139 quae
599 1055 837 1140 significatione
856 1059 991 1121 careant
1009 1059 1042 1119 et
1061 1078 1135 1120 cum

67 1158 104 1231 10¹
119 1163 176 1225 per
202 1163 238 1205 se
266 1142 424 1226 quaedam
450 1164 518 1208 non
545 1143 742 1228 significent,
774 1145 904 1210 iunctae
926 1149 1037 1208 tamen
1060 1166 1134 1209 cum

120 1231 193 1295 aliis
218 1230 411 1315 significant,
432 1235 470 1296 ut
492 1232 743 1297 coniunctiones.
774 1233 999 1316 interpretatio
1023 1236 1133 1297 autem

119 1319 156 1383 in
179 1318 258 1384 solis
282 1340 340 1402 per
363 1341 397 1384 se
417 1320 640 1404 significativis
660 1324 694 1385 et
712 1321 894 1386 articulatis
912 1322 1046 1387 vocibus
1063 1343 1131 1405 per·

119 1410 240 1471 manet.
268 1429 367 1492 quare
386 1409 594 1492 convertitur,
611 1412 649 1473 ut
668 1409 821 1493 quidquid
839 1411 882 1474 sit
899 1411 1134 1494 interpretatio,

120 1494 200 1559 illud
235 1495 411 1581 significet,
457 1497 614 1581 quidquid
647 1497 823 1583 significat,
855 1499 1134 1582 interpretationis

69 1597 102 1647 15
120 1583 279 1650 vocabulo
307 1589 522 1670 nuncupetur.
567 1585 654 1651 unde
682 1586 782 1651 etiam
808 1587 878 1671 ipse
907 1609 1035 1673 quoque
1062 1588 1133 1652 Ari·

120 1675 251 1739 stoteles
275 1675 310 1739 in
332 1675 424 1740 libris
448 1697 529 1760 quos
553 1675 596 1740 de
622 1676 777 1759 poetica
805 1676 935 1760 scripsit
961 1677 1134 1742 locutionis

119 1765 228 1844 partes
258 1784 329 1827 esse
357 1763 500 1847 syllabas
528 1765 580 1828 vel
603 1765 703 1829 etiam
726 1764 969 1830 coniunctiones
991 1765 1134 1850 tradidit,

121 1871 257 1933 quarum
296 1851 440 1934 syllabae
477 1851 512 1916 in
551 1874 589 1917 eo
629 1853 716 1938 quod
755 1857 831 1918 sunt
867 1853 1013 1937 syllabae
1054 1853 1132 1919 nihil

121 1938 254 2003 omnino
284 1939 481 2024 significant,
514 1941 758 2006 coniunctiones
786 1961 862 2005 vero
890 1942 1114 2028 consignificar

66 2040 102 2089 ao
120 2024 249 2110 quidem
276 2031 428 2112 possunt,
455 2049 514 2111 per
543 2050 675 2093 severo
698 2028 780 2093 nibil
809 2029 991 2115 designant
1035 2031 1095 2095 int

118 2116 315 2199 pretationis
337 2138 415 2182 vero
438 2120 548 2200 partes
571 2117 634 2184 hoo
657 2118 741 2182 libro
765 2119 937 2190 constituit
959 2141 1078 2184 nomen

119 2205 266 2289 verbum,
294 2228 376 2291 quae
405 2205 528 2271 scilicet
554 2227 613 2290 per
636 2227 670 2270 se
693 2206 765 2290 ipsa
788 2206 989 2293 significant,
1016 2209 1083 2272 nihi

119 2292 227 2355 minus
257 2315 383 2379 quoque
412 2295 606 2379 orationem,
640 2316 721 2378 quae
749 2299 782 2360 et
808 2297 882 2379 ipsa
908 2317 983 2362 curn
1005 2319 1068 2362 vox

119 2399 159 2442 ex
182 2380 405 2464 significativis
428 2382 576 2463 partibus
598 2384 710 2447 innota
732 2383 969 2467 significatione
991 2406 1058 2450 non

66 2481 102 2529 25
119 2471 178 2530 ret.
224 2489 322 2551 quare
345 2470 499 2553 quoniam
521 2491 589 2533 non
612 2470 651 2533 de
676 2471 821 2536 oratione
845 2473 927 2556 sola,
956 2473 1047 2537 sede

120 2554 159 2619 de
183 2557 281 2621 verbo
305 2560 338 2621 et
360 2557 506 2642 nomine,
535 2579 596 2622 nec
619 2579 695 2622 vero
719 2556 758 2622 de
782 2559 852 2624 sola
873 2560 1030 2627 locutione

120 2644 219 2709 etiam
238 2645 278 2708 de
297 2644 515 2729 significativa
534 2645 704 2731 locutione,
727 2669 810 2731 quae
829 2652 879 2714 est
896 2650 1014 2732 interpr

119 2730 181 2796 hoe
204 2732 290 2798 libro
313 2733 354 2797 ab
379 2732 555 2799 Aristotele
576 2738 748 2820 tractatur,
778 2737 897 2804 idcirco
922 2758 999 2823 quor

191 2912 224 2961 16
243 2907 289 2959 Ar.
309 2906 388 2961 Poet.
407 2922 429 2962 c.
448 2913 492 2962 20.

192 3093 405 3170 lsignifioatiua
418 3100 450 3155 b:
470 3102 638 3173 significatio
654 3103 774 3172 sona,
793 3104 816 3158 s'
858 3105 864 3118 “
886 3105 947 3161 eati

119 3169 245 3224 redditur
263 3170 360 3226 uoxT
390 3212 395 3220 .
437 3173 668 3244 4interpretatio
686 3189 736 3228 om.
757 3173 807 3228 SN
841 3178 903 3243 ,ta
919 3191 949 3228 m

120 3237 172 3292 on
245 3257 318 3310 quae
336 3256 435 3312 nemq3
456 3242 514 3297 S’P
594 3250 629 3299 10
646 3245 759 3298 iunctae
777 3245 812 3300 n=
831 3246 930 3300 iuncta

119 3308 192 3362 illud
210 3329 298 3381 quoq3
318 3311 341 3365 E
415 3320 447 3368 16
472 3316 533 3369 arte
551 3313 664 3384 poetica
683 3313 769 3368 S’FE
841 3321 876 3369 28
895 3329 936 3382 po

120 3379 200 3503 ogdtt
217 3391 329 3508 paptem
348 3399 406 3437 esse
424 3384 544 3439 tradidit
563 3383 621 3438 ΒΨ
677 3399 740 3438 curn
758 3385 847 3440 (ΜΤ
901 3387 928 3438 2!

120 3465 138 3495 a
175 3466 224 3507 om.
