2386 4342
511 594 566 649 Ic.
586 600 610 647 1.
1029 598 1069 662 13

58 757 137 818 quae
160 758 201 801 ex
224 737 332 822 aliqua
354 738 498 804 utilitate
521 740 669 825 veniunt,
698 761 737 805 ex
763 741 919 826 passione
942 763 1070 826 quoque

56 826 227 908 provenire
253 848 387 893 necesse
415 832 474 893 est.
519 848 596 892 nam
619 832 656 892 ut
677 829 787 895 divina
810 830 881 894 sine
905 831 972 894 ulla
995 836 1071 895 sunt

54 915 219 999 passione,
250 917 297 981 ita
322 917 416 982 nulla
442 917 508 981 illis
537 917 733 982 extrinsecus
756 919 881 984 utilitas
905 920 992 984 valet
1015 919 1071 984 ad-

54 1003 159 1089 iungi:
187 1026 269 1088 quae
291 1027 368 1070 vero
391 1009 470 1071 sunt
490 1005 661 1089 passibilia
683 1028 809 1091 semper
832 1008 975 1092 aliquam
997 1029 1070 1073 cau-

57 1114 126 1158 sam
160 1097 256 1177 atque
286 1094 464 1160 utilitatem
494 1094 611 1178 quibus
641 1099 864 1160 sustententur
892 1097 1105 1162 inveniunto

55 1183 207 1266 quocirca
223 1182 410 1249 huiusmodi
428 1183 623 1265 intellectus,
642 1184 698 1266 qui
716 1183 757 1246 ad
772 1183 909 1248 alterum
923 1186 1070 1250 oratione

54 1270 240 1355 proferendi
262 1276 349 1356 sunt,
371 1272 528 1356 quoniam
550 1291 591 1332 ex
613 1270 722 1352 aliqua
745 1290 843 1333 causa
865 1276 962 1354 atque
984 1274 1071 1336 utili-

55 1363 123 1423 tate
163 1359 313 1424 videntur
346 1378 420 1423 esse
459 1357 602 1439 collecti,
640 1360 726 1422 recte
763 1358 931 1440 passiones
971 1360 1071 1422 animi

56 1447 219 1511 nominati
250 1448 337 1509 sunt.
383 1448 417 1510 et
446 1445 486 1509 de
516 1446 694 1510 intentione
722 1446 852 1532 quidem
879 1450 913 1511 et
935 1446 973 1510 de
995 1446 1071 1511 libri

56 1534 268 1616 inscriptione
300 1538 333 1599 et
365 1534 404 1598 de
437 1556 488 1613 eo,
520 1535 607 1619 quod
634 1533 688 1600 hic
714 1535 854 1600 maxime
882 1536 1070 1601 Aristotelis
1091 1549 1125 1597 10

58 1621 141 1684 liber
167 1642 236 1686 esse
263 1624 427 1707 putandus
455 1629 519 1708 est,
550 1623 632 1690 haec
658 1624 745 1690 dicta
773 1624 948 1690 sufficiunt
994 1625 1071 1709 quid

57 1730 135 1774 vero
158 1711 309 1776 utilitatis
332 1711 466 1798 habeat,
488 1735 557 1778 non
578 1714 744 1800 ignorabit
767 1715 823 1800 qui
846 1714 927 1779 sciet
949 1734 1014 1797 qua
1036 1714 1071 1776 in

59 1799 204 1863 oratione
227 1801 346 1865 veritas
371 1805 498 1867 constet
520 1806 553 1867 et
571 1803 707 1868 falsitas.
743 1804 778 1868 in
796 1803 867 1869 sola
885 1803 972 1868 enim
990 1801 1071 1864 haec

57 1887 258 1952 enuntiativa
285 1891 431 1955 oratione
458 1892 650 1957 consistunt.
694 1894 761 1957 iam
783 1912 861 1957 vero
885 1911 968 1975 quae
992 1887 1072 1952 diri-

56 1974 136 2040 dant
162 1997 274 2041 verum
296 1977 480 2063 falsumque
503 2001 624 2064 quaeve
648 1980 780 2045 definite
802 1980 854 2044 vel
878 1999 960 2063 quae
983 1975 1127 2039 varie15

60 2067 93 2128 et
112 2065 312 2129 mutabiliter
329 2068 501 2132 veritatem
518 2068 761 2153 falsitatemque
779 2069 974 2152 partiantur,
992 2080 1074 2158 quae

57 2153 169 2217 iuncta
196 2151 258 2217 dici
287 2156 426 2237 possint,
460 2176 534 2220 cum
557 2161 708 2240 separata
729 2157 862 2220 valeant
885 2149 1078 2236 praedicari,

58 2262 142 2323 quae
171 2245 321 2322 separata
348 2242 511 2328 dicantur,
543 2265 617 2309 cum
643 2245 754 2309 iuncta
783 2246 851 2310 sint
879 2236 1080 2325 praedicata

58 2349 140 2411 quae
163 2329 228 2393 sint
249 2332 439 2414 negationes
468 2354 541 2397 cum
564 2332 661 2398 modo
684 2333 967 2415 propositionum,
998 2337 1081 2404 quae

57 2438 169 2481 earum
192 2421 441 2503 consequentiae
465 2420 593 2506 aliaque
616 2421 710 2503 plura
731 2420 768 2482 in
790 2421 865 2504 ipso
886 2433 989 2501 opere
1007 2424 1082 2470 0011·
1102 2409 1137 2458 20

58 2506 217 2570 siderator
229 2509 353 2590 poterit
366 2508 540 2594 diligenter
554 2527 743 2595 agnoscere,
766 2526 910 2592 quorum
928 2508 1088 2589 massnffffi

57 2595 240 2676 experietur
271 2596 448 2659 utilitatem
481 2599 536 2680 qui
567 2601 716 2665 animum
744 2616 844 2661 curae
873 2586 1014 2656 alicuius
1041 2596 1090 2679 Ψ·

56 2681 283 2764 vestigationis
307 2682 490 2750 adve'rterit.
523 2686 584 2751 sed
608 2705 699 2752 nunc
717 2684 757 2749 ad
775 2684 885 2770 ipsius
902 2666 1089 2745 Aristolehs

55 2769 155 2833 verba
175 2769 353 2836 ueniamus.

148 2855 180 2922 1.
227 2856 395 2925 Primum
425 2870 586 2947 oportet
616 2865 879 2946 constituere,
908 2857 999 2946 quid
1021 2877 1085 2923 no·
1104 2866 1138 2920 25

56 2968 142 3011 men
169 2951 206 3012 et
233 2950 323 3033 quid
352 2954 522 3042 verbum,
553 2960 699 3038 postea
727 2952 820 3042 quid
843 2956 902 3016 est
923 2950 1081 3036 negatio

56 3040 94 3101 et
117 3035 346 3104 adfirmatio
371 3045 409 3106 et
432 3045 665 3112 enuntiatio
689 3049 726 3110 et
748 3042 884 3109 oratio.

146 3123 281 3191 Librum
303 3131 462 3196 incohaus
487 3134 526 3200 de
553 3137 677 3218 quibus
700 3135 736 3198 in
754 3129 845 3196 omni
863 3129 946 3193 serie
964 3131 1082 3192 tracta·

59 3217 149 3278 turus
174 3215 217 3278 sit
240 3222 317 3282 ante
339 3222 518 3304 proposuit.
570 3227 622 3290 ait
646 3223 733 3287 enim
756 3219 847 3302 prius
872 3219 1020 3301 oportere
1043 3216 1082 3280 de

127 3427 227 3480 2sunt
245 3441 294 3480 om.
313 3426 350 3480 F¹
427 3431 661 3490 5inuenientE
735 3425 899 3483 8animae?
973 3428 1005 3476 11
1026 3423 1083 3477 suf·

52 3497 189 3551 ficiantb
268 3502 302 3552 16
320 3499 467 3568 patiantur
486 3506 517 3559 T>
611 3509 655 3558 16.
676 3506 709 3554 17
729 3513 801 3567 quac
819 3496 915 3549 iuncta
932 3508 983 3547 om.
1002 3493 1032 3562 F,
1051 3497 1084 3548 ia

53 3585 141 3639 marp.
162 3583 235 3636 quae
249 3567 369 3622 iunctim
386 3571 440 3626 Pl?
498 3580 588 3631 17.18
609 3573 828 3629 iuncta-cum
842 3564 941 3620 om.S¹
995 3570 1037 3619 20.
1048 3571 1082 3618 21

53 3639 257 3694 consideratior
276 3639 364 3693 ΒΜ
445 3650 479 3697 21
500 3660 631 3717 quorum
648 3656 709 3712 eqo:
733 3654 852 3706 quarum
870 3636 973 3691 codices
1049 3641 1083 3688 22

52 3727 136 3765 curae
155 3726 213 3781 eqo:
235 3727 302 3765 cura
320 3712 425 3767 codices
497 3725 534 3774 23
555 3715 652 3788 ipsius
671 3727 721 3764 om.
740 3708 762 3760 F
835 3712 868 3761 25
887 3705 956 3775 quid
974 3705 1024 3760 Ar.
1043 3707 1085 3759 air

52 3781 121 3850 quid
140 3780 178 3835 sit
194 3782 300 3837 codices
390 3789 425 3838 26
444 3785 482 3839 sit
500 3787 631 3845 uerbum
649 3781 753 3836 codices
766 3783 877 3847 praeta
894 3774 965 3829 ΣΕἵ
1041 3774 1086 3829 est

51 3867 102 3907 om.
121 3851 180 3909 Σῖ
197 3853 278 3922 (erae.
296 3855 329 3909 ia
348 3854 377 3921 S)
