2364 3892
421 613 705 689 pernimio.
824 588 829 597 '

516 773 620 780 ----—

11 779 31 829 b

149 883 191 962 In
224 895 381 961 secundae
408 895 557 959 editionis
584 898 675 958 textu
707 891 902 956 recensendo
934 889 969 957 hi
997 890 1074 955 libri

56 1008 157 1050 manu
180 984 292 1068 scripti
315 982 394 1046 mihi
416 986 546 1066 praesto
568 982 712 1047 fuerunt:

146 1069 170 1137 S
185 1071 286 1137 codex
299 1069 433 1154 (Salisb.
442 1069 496 1155 10)
510 1070 728 1136 bibliothecae
741 1068 911 1134 Palatinae
925 1067 1072 1133 Vindo-

53 1159 241 1226 bonensis
266 1159 310 1224 80
339 1155 540 1244 (Mndlicheri
564 1157 643 1246 370)
672 1181 696 1224 s.
719 1157 764 1236 X,
792 1158 848 1242 qui
876 1158 1023 1222 continet
1051 1156 1073 1222 f.

56 1250 163 1314 1-8'
190 1249 372 1312 versionem
404 1249 555 1312 continue
584 1248 738 1331 scriptam
764 1245 841 1311 libri
869 1245 1073 1312 Aristotelici

54 1335 132 1422 περὶ
143 1335 329 1420 ἑρμηνείας,
344 1357 442 1418 quam
451 1335 563 1400 littera
573 1341 606 1400 Σ
618 1336 756 1420 signari,
769 1334 883 1399 deinde
893 1333 914 1397 f.
924 1334 1073 1398 9-176'

57 1448 114 1490 sex
137 1426 239 1490 libros
262 1423 372 1489 Boetii
396 1424 713 1489 commentariorum.

144 1512 173 1578 F
188 1513 287 1578 codex
297 1511 531 1596 (Frisingensis
544 1509 621 1597 166)
637 1511 882 1578 Monacensis
892 1510 980 1576 6366
991 1532 1016 1574 s.
1026 1508 1073 1574 XI

56 1607 91 1665 et
108 1601 155 1665 X:
179 1602 336 1667 vetustior
359 1621 473 1664 manus
493 1622 517 1664 s.
535 1600 567 1665 X
589 1601 705 1685 incipit
724 1624 743 1664 a
761 1599 783 1664 f.
802 1600 845 1664 33
864 1600 909 1685 (p.
924 1599 989 1665 352
1009 1597 1074 1662 edi·

60 1691 162 1755 tionis
184 1688 377 1754 Besileensis
401 1717 443 1740 =
466 1711 497 1772 p.
519 1690 581 1753 171
606 1694 738 1754 nostrae
761 1687 937 1771 editionis).

148 1777 176 1843 Τ
195 1777 295 1842 codex
315 1774 584 1860 (Tegernseensis
598 1776 678 1863 479)
696 1777 943 1843 Monacensis
966 1776 1072 1842 18479

55 1888 80 1931 s.
104 1865 165 1950 XI,
199 1866 255 1951 qui
282 1865 304 1930 f.
331 1865 458 1929 1-56Υ
486 1865 627 1949 priorem
657 1866 833 1930 editionem
862 1864 1072 1948 expositionis

54 1953 180 2038 Boetii,
203 1955 226 2018 f.
251 1953 423 2018 nir-65¹
446 1953 629 2017 versionem
653 1953 856 2035 continuam,
879 1950 1073 2037 (1666]Ιᾶ

58 2042 207 2126 signavi,
224 2041 248 2104 f.
267 2040 435 2104 cuv-191
457 2040 631 2105 secundam
649 2040 821 2105 editionem
840 2040 1072 2124 complectitur.

107 2128 177 2281 XIX
195 2125 598 2213 codex(Ratisb.S.Emm.
610 2125 690 2215 582)
704 2128 946 2193 Monacensis
964 2130 1072 2194 14582

11 2249 14 2255 ·
60 2240 84 2282 s.
155 2267 161 2281 .

144 2304 280 2369 Praeter
298 2304 358 2369 hos
374 2309 529 2388 quattuor
543 2304 676 2388 codices,
695 2327 830 2389 quorum
844 2306 976 2390 plenam
996 2308 1072 2370 scri·

56 2397 169 2478 pturae
203 2393 456 2477 discrepantiam
489 2394 597 2458 studio
629 2395 806 2477 legentium
836 2396 1005 2479 proposui,
1037 2395 1071 2459 hi

58 2485 209 2567 quattuor
232 2481 289 2547 alii
308 2481 385 2546 libri
404 2503 424 2546 a
441 2503 493 2546 me
516 2482 569 2547 hic
588 2488 645 2548 aut
667 2483 734 2547 illic
752 2483 888 2566 inspecti
909 2487 941 2547 et
960 2484 1072 2549 diffici-

58 2571 196 2636 lioribus
217 2570 296 2636 locis
319 2571 446 2635 excussi
469 2575 557 2636 sunt:

147 2658 175 2723 N
194 2659 291 2724 codex
305 2659 569 2724 Einsidlensis
584 2659 648 2724 301
664 2682 688 2724 s.
701 2658 741 2744 X,
759 2661 794 2723 in
809 2683 872 2745 quo
887 2684 954 2725 non
969 2684 1072 2744 pauca

59 2748 294 2812 desiderantur:
321 2770 397 2813 nam
425 2748 541 2812 desunt
563 2770 595 2831 p.
618 2748 699 2831 371,
723 2750 763 2813 17
794 2750 891 2814 huius
920 2750 1071 2816 editionis

57 2839 214 2918 conposito
235 2873 271 2882 -
285 2837 359 2921 378,
374 2837 395 2900 6
413 2838 463 2917 sit,
487 2838 563 2920 395,
577 2838 618 2901 21
637 2838 784 2918 possrbile
805 2875 842 2883 -
855 2839 930 2920 410,
949 2841 985 2902 17
1010 2861 1073 2904 raon

56 2927 275 3005 accessorium,
302 2930 468 3009 postremo
492 2926 612 2990 desinit
634 2926 669 2989 in
692 2926 791 2990 verba
814 2949 843 3010 p.
867 2927 946 3009 417,
975 2928 1012 2990 19
1037 2928 1074 2990 de

56 3014 242 3097 wntioqeoli
264 3020 293 3079 et
319 3015 355 3078 de
371 3016 460 3096 possi
484 3012 573 3100 (sic),
600 3017 637 3078 ut
664 3014 738 3078 finis
767 3016 873 3098 quinti
902 3019 933 3078 et
962 3019 1076 3078 sextus

57 3101 140 3188 liber
162 3106 251 3168 totus
274 3102 418 3186 perierit.

148 3189 171 3256 J
195 3191 294 3256 codex
317 3190 585 3256 Minsidlensis
608 3191 674 3255 295
698 3214 721 3256 s.
744 3191 799 3256 XI.

1007 3324 1069 3456 l
