<?xml version="1.0" encoding="UTF-8"?>
<!DOCTYPE html PUBLIC "-//W3C//DTD XHTML 1.0 Transitional//EN"
    "http://www.w3.org/TR/xhtml1/DTD/xhtml1-transitional.dtd">
<html xmlns="http://www.w3.org/1999/xhtml" xml:lang="en" lang="en">
 <head>
  <title>
</title>
<meta http-equiv="Content-Type" content="text/html;charset=utf-8" />
  <meta name='ocr-system' content='tesseract 3.04.00' />
  <meta name='ocr-capabilities' content='ocr_page ocr_carea ocr_par ocr_line ocrx_word'/>
</head>
<body>
  <div class='ocr_page' id='page_1' title='image "aniciimanliisev01boetgoog_0047.png"; bbox 0 0 2386 4342; ppageno 0'>
   <div class='ocr_carea' id='block_1_1' title="bbox 516 598 1071 664">
    <p class='ocr_par' dir='ltr' id='par_1_1' title="bbox 516 598 1071 664">
     <span class='ocr_line' id='line_1_1' title="bbox 516 598 1071 664; baseline 0.018 -10"><span class='ocrx_word' id='word_1_1' title='bbox 516 599 615 655; x_wconf 81' lang='lat' dir='ltr'><strong>Iol.</strong></span> <span class='ocrx_word' id='word_1_2' title='bbox 1026 598 1071 664; x_wconf 81' lang='grc'><strong>33</strong></span> 
     </span>
    </p>
   </div>
   <div class='ocr_carea' id='block_1_2' title="bbox 55 742 1180 3292">
    <p class='ocr_par' dir='ltr' id='par_1_2' title="bbox 55 742 1180 3292">
     <span class='ocr_line' id='line_1_2' title="bbox 58 742 1070 831; baseline -0.003 -19"><span class='ocrx_word' id='word_1_3' title='bbox 58 747 200 831; x_wconf 78' lang='lat' dir='ltr'><strong>aliquam</strong></span> <span class='ocrx_word' id='word_1_4' title='bbox 230 743 468 830; x_wconf 89' lang='lat' dir='ltr'><strong>quodammodo</strong></span> <span class='ocrx_word' id='word_1_5' title='bbox 498 742 637 830; x_wconf 77' lang='lat' dir='ltr'><strong>figuram</strong></span> <span class='ocrx_word' id='word_1_6' title='bbox 665 743 792 826; x_wconf 85' lang='lat' dir='ltr'><strong>positae</strong></span> <span class='ocrx_word' id='word_1_7' title='bbox 822 742 1070 827; x_wconf 81' lang='lat' dir='ltr'><strong>significationis</strong></span> 
     </span>
     <span class='ocr_line' id='line_1_3' title="bbox 58 830 1069 919; baseline -0.004 -19"><span class='ocrx_word' id='word_1_8' title='bbox 58 836 250 919; x_wconf 86' lang='lat' dir='ltr'><strong>inpressam.</strong></span> <span class='ocrx_word' id='word_1_9' title='bbox 285 832 402 898; x_wconf 91' lang='lat' dir='ltr'><strong>horum</strong></span> <span class='ocrx_word' id='word_1_10' title='bbox 424 853 500 897; x_wconf 81' lang='lat' dir='ltr'><strong>vere</strong></span> <span class='ocrx_word' id='word_1_11' title='bbox 524 830 558 895; x_wconf 92' lang='lat' dir='ltr'><strong>id</strong></span> <span class='ocrx_word' id='word_1_12' title='bbox 580 835 630 896; x_wconf 88' lang='lat' dir='ltr'><strong>est</strong></span> <span class='ocrx_word' id='word_1_13' title='bbox 652 831 824 897; x_wconf 84' lang='lat' dir='ltr'><strong>verborum</strong></span> <span class='ocrx_word' id='word_1_14' title='bbox 846 835 880 897; x_wconf 92' lang='lat' dir='ltr'><strong>et</strong></span> <span class='ocrx_word' id='word_1_15' title='bbox 901 831 1069 896; x_wconf 88' lang='lat' dir='ltr'><strong>nominum</strong></span> 
     </span>
     <span class='ocr_line' id='line_1_4' title="bbox 56 919 1071 1008; baseline -0.004 -20"><span class='ocrx_word' id='word_1_16' title='bbox 56 926 243 1008; x_wconf 71' lang='lat' dir='ltr'><strong>quaesunt</strong></span> <span class='ocrx_word' id='word_1_17' title='bbox 269 922 305 987; x_wconf 93' lang='lat' dir='ltr'><strong>in</strong></span> <span class='ocrx_word' id='word_1_18' title='bbox 331 941 410 987; x_wconf 77' lang='lat' dir='ltr'><strong>rece</strong></span> <span class='ocrx_word' id='word_1_19' title='bbox 439 920 548 1004; x_wconf 73' lang='lat' dir='ltr'><strong>aliquo</strong></span> <span class='ocrx_word' id='word_1_20' title='bbox 576 919 675 985; x_wconf 87' lang='lat' dir='ltr'><strong>modo</strong></span> <span class='ocrx_word' id='word_1_21' title='bbox 704 941 737 984; x_wconf 85' lang='lat' dir='ltr'><strong>se</strong></span> <span class='ocrx_word' id='word_1_22' title='bbox 765 919 908 985; x_wconf 88' lang='lat' dir='ltr'><strong>habente</strong></span> <span class='ocrx_word' id='word_1_23' title='bbox 931 940 971 984; x_wconf 87' lang='lat' dir='ltr'><strong>ea</strong></span> <span class='ocrx_word' id='word_1_24' title='bbox 994 923 1071 984; x_wconf 84' lang='lat' dir='ltr'><strong>sunt</strong></span> 
     </span>
     <span class='ocr_line' id='line_1_5' title="bbox 57 1007 1070 1097; baseline -0.007 -18"><span class='ocrx_word' id='word_1_25' title='bbox 57 1011 183 1079; x_wconf 79' lang='lat' dir='ltr'><strong>scilicet</strong></span> <span class='ocrx_word' id='word_1_26' title='bbox 205 1009 423 1097; x_wconf 79' lang='lat' dir='ltr'><strong>significativa</strong></span> <span class='ocrx_word' id='word_1_27' title='bbox 447 1029 529 1094; x_wconf 85' lang='lat' dir='ltr'><strong>quae</strong></span> <span class='ocrx_word' id='word_1_28' title='bbox 553 1008 745 1088; x_wconf 85' lang='lat' dir='ltr'><strong>scribuntur,</strong></span> <span class='ocrx_word' id='word_1_29' title='bbox 768 1012 806 1073; x_wconf 90' lang='lat' dir='ltr'><strong>ut</strong></span> <span class='ocrx_word' id='word_1_30' title='bbox 827 1007 890 1073; x_wconf 90' lang='lat' dir='ltr'><strong>hoc</strong></span> <span class='ocrx_word' id='word_1_31' title='bbox 913 1007 1001 1093; x_wconf 90' lang='lat' dir='ltr'><strong>quod</strong></span> <span class='ocrx_word' id='word_1_32' title='bbox 1023 1007 1070 1072; x_wconf 90' lang='lat' dir='ltr'><strong>di·</strong></span> 
     </span>
     <span class='ocr_line' id='line_1_6' title="bbox 55 1095 1105 1183; baseline -0.007 -17"><span class='ocrx_word' id='word_1_33' title='bbox 55 1103 146 1166; x_wconf 76' lang='lat' dir='ltr'><strong>ctum</strong></span> <span class='ocrx_word' id='word_1_34' title='bbox 169 1102 219 1167; x_wconf 81' lang='lat' dir='ltr'><strong>est</strong></span> <span class='ocrx_word' id='word_1_35' title='bbox 250 1119 346 1183; x_wconf 86' lang='lat' dir='ltr'><strong>quae</strong></span> <span class='ocrx_word' id='word_1_36' title='bbox 378 1097 605 1164; x_wconf 80' lang='lat' dir='ltr'><strong>scribuntur</strong></span> <span class='ocrx_word' id='word_1_37' title='bbox 632 1095 672 1161; x_wconf 93' lang='lat' dir='ltr'><strong>de</strong></span> <span class='ocrx_word' id='word_1_38' title='bbox 693 1096 799 1162; x_wconf 82' lang='lat' dir='ltr'><strong>verbis</strong></span> <span class='ocrx_word' id='word_1_39' title='bbox 823 1117 860 1162; x_wconf 93' lang='lat' dir='ltr'><strong>ac</strong></span> <span class='ocrx_word' id='word_1_40' title='bbox 883 1095 1105 1163; x_wconf 76' lang='lat' dir='ltr'><strong>nominibuse</strong></span> 
     </span>
     <span class='ocr_line' id='line_1_7' title="bbox 57 1183 1069 1270; baseline -0.002 -18"><span class='ocrx_word' id='word_1_41' title='bbox 57 1187 180 1252; x_wconf 89' lang='lat' dir='ltr'><strong>dictum</strong></span> <span class='ocrx_word' id='word_1_42' title='bbox 204 1208 290 1270; x_wconf 81' lang='lat' dir='ltr'><strong>quae</strong></span> <span class='ocrx_word' id='word_1_43' title='bbox 310 1189 387 1251; x_wconf 87' lang='lat' dir='ltr'><strong>aunt</strong></span> <span class='ocrx_word' id='word_1_44' title='bbox 408 1186 444 1251; x_wconf 81' lang='lat' dir='ltr'><strong>ia</strong></span> <span class='ocrx_word' id='word_1_45' title='bbox 466 1183 585 1249; x_wconf 81' lang='lat' dir='ltr'><strong>litteris</strong></span> <span class='ocrx_word' id='word_1_46' title='bbox 608 1183 826 1268; x_wconf 72' lang='lat' dir='ltr'>intellegatur.</span> <span class='ocrx_word' id='word_1_47' title='bbox 862 1187 971 1267; x_wconf 87' lang='lat' dir='ltr'><strong>potest</strong></span> <span class='ocrx_word' id='word_1_48' title='bbox 992 1206 1069 1250; x_wconf 85' lang='lat' dir='ltr'><strong>vere</strong></span> 
     </span>
     <span class='ocr_line' id='line_1_8' title="bbox 56 1270 1071 1359; baseline -0.004 -18"><span class='ocrx_word' id='word_1_49' title='bbox 56 1275 142 1340; x_wconf 89' lang='lat' dir='ltr'><strong>haec.</strong></span> <span class='ocrx_word' id='word_1_50' title='bbox 166 1296 293 1359; x_wconf 87' lang='lat' dir='ltr'><strong>quoque</strong></span> <span class='ocrx_word' id='word_1_51' title='bbox 320 1294 391 1339; x_wconf 81' lang='lat' dir='ltr'><strong>esse</strong></span> <span class='ocrx_word' id='word_1_52' title='bbox 417 1272 504 1337; x_wconf 88' lang='lat' dir='ltr'><strong>ratio</strong></span> <span class='ocrx_word' id='word_1_53' title='bbox 534 1292 591 1336; x_wconf 87' lang='lat' dir='ltr'><strong>cur</strong></span> <span class='ocrx_word' id='word_1_54' title='bbox 623 1270 740 1335; x_wconf 72' lang='lat' dir='ltr'><strong>cnoric</strong></span> <span class='ocrx_word' id='word_1_55' title='bbox 775 1274 813 1334; x_wconf 92' lang='lat' dir='ltr'><strong>et</strong></span> <span class='ocrx_word' id='word_1_56' title='bbox 844 1292 941 1353; x_wconf 86' lang='lat' dir='ltr'><strong>quae</strong></span> <span class='ocrx_word' id='word_1_57' title='bbox 973 1275 1071 1337; x_wconf 85' lang='lat' dir='ltr'><strong>scri-</strong></span> 
     </span>
     <span class='ocr_line' id='line_1_9' title="bbox 57 1355 1072 1447; baseline -0.003 -21"><span class='ocrx_word' id='word_1_58' title='bbox 57 1364 217 1427; x_wconf 88' lang='lat' dir='ltr'><strong>buntur:</strong></span> <span class='ocrx_word' id='word_1_59' title='bbox 240 1361 395 1447; x_wconf 83' lang='lat' dir='ltr'><strong>queniam</strong></span> <span class='ocrx_word' id='word_1_60' title='bbox 415 1360 546 1423; x_wconf 81' lang='lat' dir='ltr'><strong>litteras</strong></span> <span class='ocrx_word' id='word_1_61' title='bbox 565 1360 600 1421; x_wconf 91' lang='lat' dir='ltr'><strong>et</strong></span> <span class='ocrx_word' id='word_1_62' title='bbox 620 1355 795 1438; x_wconf 80' lang='lat' dir='ltr'><strong>inscriptas</strong></span> <span class='ocrx_word' id='word_1_63' title='bbox 816 1355 938 1441; x_wconf 70' lang='lat' dir='ltr'><strong>figimus</strong></span> <span class='ocrx_word' id='word_1_64' title='bbox 961 1362 995 1423; x_wconf 86' lang='lat' dir='ltr'><strong>et</strong></span> <span class='ocrx_word' id='word_1_65' title='bbox 1016 1380 1072 1423; x_wconf 82' lang='lat' dir='ltr'><strong>vo·</strong></span> 
     </span>
     <span class='ocr_line' id='line_1_10' title="bbox 58 1443 1072 1533; baseline -0.005 -19"><span class='ocrx_word' id='word_1_66' title='bbox 58 1470 127 1533; x_wconf 64' lang='lat' dir='ltr'><strong>ces5</strong></span> <span class='ocrx_word' id='word_1_67' title='bbox 159 1469 241 1532; x_wconf 88' lang='lat' dir='ltr'><strong>quae</strong></span> <span class='ocrx_word' id='word_1_68' title='bbox 269 1447 377 1513; x_wconf 84' lang='lat' dir='ltr'><strong>isdem</strong></span> <span class='ocrx_word' id='word_1_69' title='bbox 400 1443 627 1530; x_wconf 80' lang='lat' dir='ltr'><strong>significantur</strong></span> <span class='ocrx_word' id='word_1_70' title='bbox 653 1443 815 1529; x_wconf 84' lang='lat' dir='ltr'><strong>formulis,</strong></span> <span class='ocrx_word' id='word_1_71' title='bbox 846 1466 1072 1529; x_wconf 79' lang='lat' dir='ltr'><strong>nuncupamus</strong></span> 
     </span>
     <span class='ocr_line' id='line_1_11' title="bbox 60 1532 1126 1619; baseline -0.001 -20"><span class='ocrx_word' id='word_1_72' title='bbox 60 1533 113 1619; x_wconf 83' lang='lat' dir='ltr'><strong>(ut</strong></span> <span class='ocrx_word' id='word_1_73' title='bbox 135 1556 156 1598; x_wconf 84' lang='lat' dir='ltr'><strong>a</strong></span> <span class='ocrx_word' id='word_1_74' title='bbox 182 1538 216 1598; x_wconf 88' lang='lat' dir='ltr'><strong>et</strong></span> <span class='ocrx_word' id='word_1_75' title='bbox 238 1535 308 1617; x_wconf 89' lang='lat' dir='ltr'><strong>ipse</strong></span> <span class='ocrx_word' id='word_1_76' title='bbox 331 1555 430 1598; x_wconf 85' lang='lat' dir='ltr'><strong>sonus</strong></span> <span class='ocrx_word' id='word_1_77' title='bbox 453 1532 584 1597; x_wconf 79' lang='lat' dir='ltr'><strong>litterae</strong></span> <span class='ocrx_word' id='word_1_78' title='bbox 603 1553 722 1598; x_wconf 89' lang='lat' dir='ltr'><strong>nomen</strong></span> <span class='ocrx_word' id='word_1_79' title='bbox 746 1533 834 1617; x_wconf 83' lang='lat' dir='ltr'><strong>cepit</strong></span> <span class='ocrx_word' id='word_1_80' title='bbox 855 1536 889 1598; x_wconf 93' lang='lat' dir='ltr'><strong>et</strong></span> <span class='ocrx_word' id='word_1_81' title='bbox 909 1534 967 1599; x_wconf 87' lang='lat' dir='ltr'><strong>illa</strong></span> <span class='ocrx_word' id='word_1_82' title='bbox 989 1549 1126 1618; x_wconf 83' lang='lat' dir='ltr'><strong>quaele</strong></span> 
     </span>
     <span class='ocr_line' id='line_1_12' title="bbox 59 1621 1072 1709; baseline 0.001 -23"><span class='ocrx_word' id='word_1_83' title='bbox 59 1623 96 1686; x_wconf 91' lang='lat' dir='ltr'><strong>in</strong></span> <span class='ocrx_word' id='word_1_84' title='bbox 115 1622 259 1688; x_wconf 90' lang='lat' dir='ltr'><strong>subiecto</strong></span> <span class='ocrx_word' id='word_1_85' title='bbox 278 1643 373 1687; x_wconf 88' lang='lat' dir='ltr'><strong>cerac.</strong></span> <span class='ocrx_word' id='word_1_86' title='bbox 387 1642 500 1688; x_wconf 81' lang='lat' dir='ltr'><strong>vocem</strong></span> <span class='ocrx_word' id='word_1_87' title='bbox 524 1621 709 1706; x_wconf 84' lang='lat' dir='ltr'><strong>significans</strong></span> <span class='ocrx_word' id='word_1_88' title='bbox 731 1621 839 1687; x_wconf 82' lang='lat' dir='ltr'><strong>ferma</strong></span> <span class='ocrx_word' id='word_1_89' title='bbox 856 1621 1072 1709; x_wconf 79' lang='lat' dir='ltr'><strong>describitur),</strong></span> 
     </span>
     <span class='ocr_line' id='line_1_13' title="bbox 60 1709 1073 1796; baseline 0 -21"><span class='ocrx_word' id='word_1_90' title='bbox 60 1711 231 1795; x_wconf 81' lang='lat' dir='ltr'><strong>designare</strong></span> <span class='ocrx_word' id='word_1_91' title='bbox 254 1711 385 1794; x_wconf 78' lang='lat' dir='ltr'><strong>volens,¹</strong></span> <span class='ocrx_word' id='word_1_92' title='bbox 409 1710 526 1796; x_wconf 77' lang='lat' dir='ltr'><strong>quibus</strong></span> <span class='ocrx_word' id='word_1_93' title='bbox 549 1709 657 1775; x_wconf 82' lang='lat' dir='ltr'><strong>verbis</strong></span> <span class='ocrx_word' id='word_1_94' title='bbox 687 1713 783 1794; x_wconf 87' lang='lat' dir='ltr'><strong>atquo</strong></span> <span class='ocrx_word' id='word_1_95' title='bbox 812 1710 1001 1776; x_wconf 89' lang='lat' dir='ltr'><strong>nominibus</strong></span> <span class='ocrx_word' id='word_1_96' title='bbox 1033 1733 1073 1775; x_wconf 88' lang='lat' dir='ltr'><strong>ea</strong></span> 
     </span>
     <span class='ocr_line' id='line_1_14' title="bbox 60 1798 1072 1884; baseline 0.001 -21"><span class='ocrx_word' id='word_1_97' title='bbox 60 1819 143 1883; x_wconf 88' lang='lat' dir='ltr'><strong>quae</strong></span> <span class='ocrx_word' id='word_1_98' title='bbox 165 1799 296 1865; x_wconf 87' lang='lat' dir='ltr'><strong>invoco</strong></span> <span class='ocrx_word' id='word_1_99' title='bbox 321 1802 397 1876; x_wconf 86' lang='lat' dir='ltr'><strong>sunt</strong></span> <span class='ocrx_word' id='word_1_100' title='bbox 416 1799 618 1883; x_wconf 83' lang='lat' dir='ltr'><strong>adpeterent,</strong></span> <span class='ocrx_word' id='word_1_101' title='bbox 641 1820 710 1864; x_wconf 90' lang='lat' dir='ltr'><strong>non</strong></span> <span class='ocrx_word' id='word_1_102' title='bbox 728 1798 813 1864; x_wconf 85' lang='lat' dir='ltr'><strong>dixit</strong></span> <span class='ocrx_word' id='word_1_103' title='bbox 827 1799 963 1883; x_wconf 86' lang='lat' dir='ltr'><strong>litteras,</strong></span> <span class='ocrx_word' id='word_1_104' title='bbox 986 1800 1072 1884; x_wconf 92' lang='lat' dir='ltr'><strong>quod</strong></span> 
     </span>
     <span class='ocr_line' id='line_1_15' title="bbox 59 1887 1071 1972; baseline 0.003 -22"><span class='ocrx_word' id='word_1_105' title='bbox 59 1887 101 1951; x_wconf 92' lang='lat' dir='ltr'><strong>ad</strong></span> <span class='ocrx_word' id='word_1_106' title='bbox 121 1908 219 1952; x_wconf 89' lang='lat' dir='ltr'><strong>sonos</strong></span> <span class='ocrx_word' id='word_1_107' title='bbox 238 1889 338 1953; x_wconf 84' lang='lat' dir='ltr'><strong>etiam</strong></span> <span class='ocrx_word' id='word_1_108' title='bbox 355 1887 469 1953; x_wconf 88' lang='lat' dir='ltr'><strong>referri</strong></span> <span class='ocrx_word' id='word_1_109' title='bbox 487 1887 595 1971; x_wconf 87' lang='lat' dir='ltr'><strong>potuit</strong></span> <span class='ocrx_word' id='word_1_110' title='bbox 612 1887 803 1971; x_wconf 82' lang='lat' dir='ltr'><strong>litterarum,</strong></span> <span class='ocrx_word' id='word_1_111' title='bbox 827 1887 884 1952; x_wconf 81' lang='lat' dir='ltr'><strong>sed</strong></span> <span class='ocrx_word' id='word_1_112' title='bbox 907 1889 954 1952; x_wconf 91' lang='lat' dir='ltr'><strong>ait</strong></span> <span class='ocrx_word' id='word_1_113' title='bbox 975 1910 1071 1972; x_wconf 89' lang='lat' dir='ltr'><strong>quae</strong></span> 
     </span>
     <span class='ocr_line' id='line_1_16' title="bbox 59 1974 1125 2060; baseline -0.002 -20"><span class='ocrx_word' id='word_1_114' title='bbox 59 1976 302 2060; x_wconf 83' lang='lat' dir='ltr'><strong>scribuntur,</strong></span> <span class='ocrx_word' id='word_1_115' title='bbox 322 1979 361 2040; x_wconf 84' lang='lat' dir='ltr'><strong>ut</strong></span> <span class='ocrx_word' id='word_1_116' title='bbox 383 1974 569 2042; x_wconf 83' lang='lat' dir='ltr'><strong>estenderet</strong></span> <span class='ocrx_word' id='word_1_117' title='bbox 590 1974 629 2039; x_wconf 88' lang='lat' dir='ltr'><strong>de</strong></span> <span class='ocrx_word' id='word_1_118' title='bbox 651 1974 704 2039; x_wconf 85' lang='lat' dir='ltr'><strong>his</strong></span> <span class='ocrx_word' id='word_1_119' title='bbox 725 1975 843 2039; x_wconf 85' lang='lat' dir='ltr'><strong>litteris</strong></span> <span class='ocrx_word' id='word_1_120' title='bbox 867 1975 971 2040; x_wconf 84' lang='lat' dir='ltr'><strong>dicere</strong></span> <span class='ocrx_word' id='word_1_121' title='bbox 989 1997 1072 2060; x_wconf 88' lang='lat' dir='ltr'><strong>quae</strong></span> <span class='ocrx_word' id='word_1_122' title='bbox 1093 1989 1125 2038; x_wconf 86' lang='grc'>15</span> 
     </span>
     <span class='ocr_line' id='line_1_17' title="bbox 57 2061 1074 2146; baseline -0.002 -17"><span class='ocrx_word' id='word_1_123' title='bbox 57 2064 93 2129; x_wconf 86' lang='lat' dir='ltr'><strong>in</strong></span> <span class='ocrx_word' id='word_1_124' title='bbox 116 2064 291 2146; x_wconf 70' lang='lat' dir='ltr'><strong>scriptione</strong></span> <span class='ocrx_word' id='word_1_125' title='bbox 314 2063 529 2129; x_wconf 86' lang='lat' dir='ltr'><strong>consisterent</strong></span> <span class='ocrx_word' id='word_1_126' title='bbox 550 2061 584 2125; x_wconf 92' lang='lat' dir='ltr'><strong>id</strong></span> <span class='ocrx_word' id='word_1_127' title='bbox 607 2065 657 2126; x_wconf 92' lang='lat' dir='ltr'><strong>est</strong></span> <span class='ocrx_word' id='word_1_128' title='bbox 679 2083 818 2145; x_wconf 88' lang='lat' dir='ltr'><strong>quarum</strong></span> <span class='ocrx_word' id='word_1_129' title='bbox 838 2062 944 2146; x_wconf 79' lang='lat' dir='ltr'><strong>figura</strong></span> <span class='ocrx_word' id='word_1_130' title='bbox 965 2064 1016 2127; x_wconf 78' lang='lat' dir='ltr'><strong>vel</strong></span> <span class='ocrx_word' id='word_1_131' title='bbox 1038 2064 1074 2127; x_wconf 90' lang='lat' dir='ltr'><strong>in</strong></span> 
     </span>
     <span class='ocr_line' id='line_1_18' title="bbox 60 2149 1073 2234; baseline -0.001 -19"><span class='ocrx_word' id='word_1_132' title='bbox 60 2172 133 2216; x_wconf 86' lang='lat' dir='ltr'><strong>cera</strong></span> <span class='ocrx_word' id='word_1_133' title='bbox 166 2151 241 2215; x_wconf 89' lang='lat' dir='ltr'><strong>stilo</strong></span> <span class='ocrx_word' id='word_1_134' title='bbox 274 2151 326 2215; x_wconf 78' lang='lat' dir='ltr'><strong>vel</strong></span> <span class='ocrx_word' id='word_1_135' title='bbox 357 2151 392 2215; x_wconf 90' lang='lat' dir='ltr'><strong>in</strong></span> <span class='ocrx_word' id='word_1_136' title='bbox 424 2149 613 2214; x_wconf 89' lang='lat' dir='ltr'><strong>membrana</strong></span> <span class='ocrx_word' id='word_1_137' title='bbox 644 2149 769 2214; x_wconf 83' lang='lat' dir='ltr'><strong>calamo</strong></span> <span class='ocrx_word' id='word_1_138' title='bbox 806 2153 917 2233; x_wconf 84' lang='lat' dir='ltr'><strong>posset</strong></span> <span class='ocrx_word' id='word_1_139' title='bbox 952 2149 1073 2234; x_wconf 80' lang='lat' dir='ltr'><strong>effingi.</strong></span> 
     </span>
     <span class='ocr_line' id='line_1_19' title="bbox 59 2237 1074 2322; baseline -0.002 -19"><span class='ocrx_word' id='word_1_140' title='bbox 59 2239 206 2322; x_wconf 88' lang='lat' dir='ltr'><strong>alioquin</strong></span> <span class='ocrx_word' id='word_1_141' title='bbox 233 2239 291 2302; x_wconf 87' lang='lat' dir='ltr'><strong>illa</strong></span> <span class='ocrx_word' id='word_1_142' title='bbox 317 2238 383 2303; x_wconf 87' lang='lat' dir='ltr'><strong>iam</strong></span> <span class='ocrx_word' id='word_1_143' title='bbox 411 2258 492 2320; x_wconf 86' lang='lat' dir='ltr'><strong>quae</strong></span> <span class='ocrx_word' id='word_1_144' title='bbox 520 2237 556 2301; x_wconf 91' lang='lat' dir='ltr'><strong>in</strong></span> <span class='ocrx_word' id='word_1_145' title='bbox 583 2237 672 2302; x_wconf 82' lang='lat' dir='ltr'><strong>sonis</strong></span> <span class='ocrx_word' id='word_1_146' title='bbox 699 2240 777 2302; x_wconf 88' lang='lat' dir='ltr'><strong>eunt</strong></span> <span class='ocrx_word' id='word_1_147' title='bbox 804 2238 845 2302; x_wconf 87' lang='lat' dir='ltr'><strong>ad</strong></span> <span class='ocrx_word' id='word_1_148' title='bbox 873 2259 911 2301; x_wconf 87' lang='lat' dir='ltr'><strong>ea</strong></span> <span class='ocrx_word' id='word_1_149' title='bbox 937 2238 1074 2302; x_wconf 87' lang='lat' dir='ltr'><strong>nomina</strong></span> 
     </span>
     <span class='ocr_line' id='line_1_20' title="bbox 59 2325 1131 2410; baseline 0.001 -19"><span class='ocrx_word' id='word_1_150' title='bbox 59 2325 244 2391; x_wconf 89' lang='lat' dir='ltr'><strong>referuntur</strong></span> <span class='ocrx_word' id='word_1_151' title='bbox 266 2347 349 2410; x_wconf 85' lang='lat' dir='ltr'><strong>quae</strong></span> <span class='ocrx_word' id='word_1_152' title='bbox 371 2325 406 2389; x_wconf 93' lang='lat' dir='ltr'><strong>in</strong></span> <span class='ocrx_word' id='word_1_153' title='bbox 429 2346 509 2390; x_wconf 86' lang='lat' dir='ltr'><strong>voce</strong></span> <span class='ocrx_word' id='word_1_154' title='bbox 532 2329 617 2409; x_wconf 87' lang='lat' dir='ltr'><strong>suut,</strong></span> <span class='ocrx_word' id='word_1_155' title='bbox 641 2326 794 2409; x_wconf 87' lang='lat' dir='ltr'><strong>quoniam</strong></span> <span class='ocrx_word' id='word_1_156' title='bbox 818 2326 911 2391; x_wconf 79' lang='lat' dir='ltr'><strong>sonis</strong></span> <span class='ocrx_word' id='word_1_157' title='bbox 931 2327 998 2391; x_wconf 88' lang='lat' dir='ltr'><strong>illis</strong></span> <span class='ocrx_word' id='word_1_158' title='bbox 1014 2349 1072 2392; x_wconf 89' lang='lat' dir='ltr'><strong>no·</strong></span> <span class='ocrx_word' id='word_1_159' title='bbox 1127 2388 1131 2392; x_wconf 82' lang='lat'><em>.</em></span> 
     </span>
     <span class='ocr_line' id='line_1_21' title="bbox 58 2412 1127 2505; baseline -0.001 -26"><span class='ocrx_word' id='word_1_160' title='bbox 58 2415 150 2479; x_wconf 86' lang='lat' dir='ltr'><strong>mina</strong></span> <span class='ocrx_word' id='word_1_161' title='bbox 163 2417 205 2505; x_wconf 42' lang='lat' dir='ltr'><strong>‚et</strong></span> <span class='ocrx_word' id='word_1_162' title='bbox 228 2415 326 2480; x_wconf 86' lang='lat' dir='ltr'><strong>verba</strong></span> <span class='ocrx_word' id='word_1_163' title='bbox 349 2415 535 2500; x_wconf 75' lang='lat' dir='ltr'><strong>iunguntur.</strong></span> <span class='ocrx_word' id='word_1_164' title='bbox 582 2413 639 2478; x_wconf 88' lang='lat' dir='ltr'><strong>sed</strong></span> <span class='ocrx_word' id='word_1_165' title='bbox 660 2412 904 2498; x_wconf 77' lang='lat' dir='ltr'><strong>Porphyrius</strong></span> <span class='ocrx_word' id='word_1_166' title='bbox 925 2415 963 2479; x_wconf 91' lang='lat' dir='ltr'><strong>de</strong></span> <span class='ocrx_word' id='word_1_167' title='bbox 986 2418 1073 2480; x_wconf 86' lang='lat' dir='ltr'><strong>utra·</strong></span> <span class='ocrx_word' id='word_1_168' title='bbox 1092 2429 1127 2479; x_wconf 75' lang='lat'><strong>20</strong></span> 
     </span>
     <span class='ocr_line' id='line_1_22' title="bbox 59 2502 1073 2588; baseline 0 -21"><span class='ocrx_word' id='word_1_169' title='bbox 59 2525 122 2588; x_wconf 88' lang='lat' dir='ltr'><strong>que</strong></span> <span class='ocrx_word' id='word_1_170' title='bbox 145 2503 345 2587; x_wconf 75' lang='lat' dir='ltr'><strong>expositione</strong></span> <span class='ocrx_word' id='word_1_171' title='bbox 367 2502 522 2568; x_wconf 82' lang='lat' dir='ltr'><strong>iudicavit</strong></span> <span class='ocrx_word' id='word_1_172' title='bbox 544 2502 667 2567; x_wconf 88' lang='lat' dir='ltr'><strong>dicens:</strong></span> <span class='ocrx_word' id='word_1_173' title='bbox 690 2503 724 2568; x_wconf 93' lang='lat' dir='ltr'><strong>id</strong></span> <span class='ocrx_word' id='word_1_174' title='bbox 742 2503 829 2585; x_wconf 86' lang='lat' dir='ltr'><strong>quod</strong></span> <span class='ocrx_word' id='word_1_175' title='bbox 846 2504 893 2566; x_wconf 91' lang='lat' dir='ltr'><strong>ait</strong></span> <span class='ocrx_word' id='word_1_176' title='bbox 915 2506 954 2567; x_wconf 88' lang='lat' dir='ltr'><strong>et</strong></span> <span class='ocrx_word' id='word_1_177' title='bbox 976 2525 1073 2586; x_wconf 88' lang='lat' dir='ltr'><strong>quae</strong></span> 
     </span>
     <span class='ocr_line' id='line_1_23' title="bbox 60 2589 1075 2690; baseline -0.001 -35"><span class='ocrx_word' id='word_1_178' title='bbox 60 2591 288 2656; x_wconf 84' lang='lat' dir='ltr'><strong>scribuntur</strong></span> <span class='ocrx_word' id='word_1_179' title='bbox 315 2612 383 2655; x_wconf 91' lang='lat' dir='ltr'><strong>non</strong></span> <span class='ocrx_word' id='word_1_180' title='bbox 410 2590 518 2672; x_wconf 88' lang='lat' dir='ltr'><strong>potius</strong></span> <span class='ocrx_word' id='word_1_181' title='bbox 541 2590 584 2654; x_wconf 94' lang='lat' dir='ltr'><strong>ad</strong></span> <span class='ocrx_word' id='word_1_182' title='bbox 604 2590 747 2689; x_wconf 78' lang='lat' dir='ltr'><strong>litteras,</strong></span> <span class='ocrx_word' id='word_1_183' title='bbox 778 2589 834 2653; x_wconf 86' lang='lat' dir='ltr'><strong>sed</strong></span> <span class='ocrx_word' id='word_1_184' title='bbox 857 2589 901 2690; x_wconf 74' lang='lat' dir='ltr'><strong>ad</strong></span> <span class='ocrx_word' id='word_1_185' title='bbox 921 2589 1020 2690; x_wconf 78' lang='lat' dir='ltr'><strong>verba</strong></span> <span class='ocrx_word' id='word_1_186' title='bbox 1041 2595 1075 2654; x_wconf 91' lang='lat' dir='ltr'><strong>et</strong></span> 
     </span>
     <span class='ocr_line' id='line_1_24' title="bbox 456 2676 1074 2849; baseline -0.004 -19.563"><span class='ocrx_word' id='word_1_187' title='bbox 323 2679 557 2849; x_wconf 66' lang='grc'>1111111</span> <span class='ocrx_word' id='word_1_188' title='bbox 653 2676 1074 2759; x_wconf 53' lang='lat' dir='ltr'><strong>he</strong></span> 
     </span>
     <span class='ocr_line' id='line_1_25' title="bbox 61 2852 1127 2937; baseline 0.001 -18"><span class='ocrx_word' id='word_1_189' title='bbox 61 2875 119 2919; x_wconf 89' lang='lat' dir='ltr'><strong>eur</strong></span> <span class='ocrx_word' id='word_1_190' title='bbox 146 2875 214 2919; x_wconf 89' lang='lat' dir='ltr'><strong>nen</strong></span> <span class='ocrx_word' id='word_1_191' title='bbox 236 2854 284 2918; x_wconf 87' lang='lat' dir='ltr'><strong>ita</strong></span> <span class='ocrx_word' id='word_1_192' title='bbox 307 2852 436 2918; x_wconf 83' lang='lat' dir='ltr'><strong>dixerit:</strong></span> <span class='ocrx_word' id='word_1_193' title='bbox 470 2855 546 2916; x_wconf 87' lang='lat' dir='ltr'><strong>sunt</strong></span> <span class='ocrx_word' id='word_1_194' title='bbox 569 2871 648 2937; x_wconf 81' lang='lat' dir='ltr'><strong>ergo</strong></span> <span class='ocrx_word' id='word_1_195' title='bbox 673 2873 815 2935; x_wconf 87' lang='lat' dir='ltr'><strong>eaquae</strong></span> <span class='ocrx_word' id='word_1_196' title='bbox 839 2855 973 2919; x_wconf 89' lang='lat' dir='ltr'><strong>suntin</strong></span> <span class='ocrx_word' id='word_1_197' title='bbox 995 2877 1074 2920; x_wconf 85' lang='lat' dir='ltr'><strong>voce</strong></span> <span class='ocrx_word' id='word_1_198' title='bbox 1093 2869 1127 2919; x_wconf 77' lang='grc'>15</span> 
     </span>
     <span class='ocr_line' id='line_1_26' title="bbox 60 2940 1074 3026; baseline -0.001 -17"><span class='ocrx_word' id='word_1_199' title='bbox 60 2942 285 3009; x_wconf 83' lang='lat' dir='ltr'><strong>intellectuum</strong></span> <span class='ocrx_word' id='word_1_200' title='bbox 316 2945 432 3025; x_wconf 70' lang='lat' dir='ltr'><strong>notae,</strong></span> <span class='ocrx_word' id='word_1_201' title='bbox 460 2940 516 3005; x_wconf 91' lang='lat' dir='ltr'><strong>sed</strong></span> <span class='ocrx_word' id='word_1_202' title='bbox 547 2941 594 3005; x_wconf 86' lang='lat' dir='ltr'><strong>ita</strong></span> <span class='ocrx_word' id='word_1_203' title='bbox 626 2961 754 3006; x_wconf 87' lang='lat' dir='ltr'><strong>carum</strong></span> <span class='ocrx_word' id='word_1_204' title='bbox 787 2963 883 3026; x_wconf 87' lang='lat' dir='ltr'><strong>quae</strong></span> <span class='ocrx_word' id='word_1_205' title='bbox 917 2947 1006 3007; x_wconf 88' lang='lat' dir='ltr'><strong>sunt</strong></span> <span class='ocrx_word' id='word_1_206' title='bbox 1035 2943 1074 3008; x_wconf 91' lang='lat' dir='ltr'><strong>in</strong></span> 
     </span>
     <span class='ocr_line' id='line_1_27' title="bbox 61 3029 1180 3115; baseline -0.001 -20"><span class='ocrx_word' id='word_1_207' title='bbox 61 3031 189 3096; x_wconf 90' lang='lat' dir='ltr'><strong>anima</strong></span> <span class='ocrx_word' id='word_1_208' title='bbox 211 3031 438 3114; x_wconf 81' lang='lat' dir='ltr'><strong>passionum</strong></span> <span class='ocrx_word' id='word_1_209' title='bbox 458 3029 463 3112; x_wconf 89' lang='grc' dir='ltr'>Ι</span> <span class='ocrx_word' id='word_1_210' title='bbox 482 3032 605 3096; x_wconf 84' lang='lat' dir='ltr'><strong>notae.</strong></span> <span class='ocrx_word' id='word_1_211' title='bbox 639 3051 716 3094; x_wconf 83' lang='lat' dir='ltr'><strong>nom</strong></span> <span class='ocrx_word' id='word_1_212' title='bbox 740 3051 813 3094; x_wconf 90' lang='lat' dir='ltr'><strong>eum</strong></span> <span class='ocrx_word' id='word_1_213' title='bbox 836 3050 875 3095; x_wconf 90' lang='lat' dir='ltr'><strong>ea</strong></span> <span class='ocrx_word' id='word_1_214' title='bbox 898 3052 980 3115; x_wconf 84' lang='lat' dir='ltr'><strong>queo</strong></span> <span class='ocrx_word' id='word_1_215' title='bbox 999 3036 1180 3111; x_wconf 79' lang='lat' dir='ltr'><strong>suntp.301</strong></span> 
     </span>
     <span class='ocr_line' id='line_1_28' title="bbox 60 3118 1074 3204; baseline 0.002 -22"><span class='ocrx_word' id='word_1_216' title='bbox 60 3119 96 3182; x_wconf 91' lang='lat' dir='ltr'><strong>in</strong></span> <span class='ocrx_word' id='word_1_217' title='bbox 114 3140 192 3183; x_wconf 78' lang='lat' dir='ltr'><strong>voce</strong></span> <span class='ocrx_word' id='word_1_218' title='bbox 216 3141 267 3184; x_wconf 89' lang='lat' dir='ltr'><strong>res</strong></span> <span class='ocrx_word' id='word_1_219' title='bbox 286 3119 535 3202; x_wconf 81' lang='lat' dir='ltr'><strong>intellectusque</strong></span> <span class='ocrx_word' id='word_1_220' title='bbox 554 3118 746 3202; x_wconf 83' lang='lat' dir='ltr'><strong>significent,</strong></span> <span class='ocrx_word' id='word_1_221' title='bbox 764 3119 987 3203; x_wconf 80' lang='lat' dir='ltr'><strong>principaliter</strong></span> <span class='ocrx_word' id='word_1_222' title='bbox 1005 3121 1074 3204; x_wconf 89' lang='lat' dir='ltr'><strong>qui·</strong></span> 
     </span>
     <span class='ocr_line' id='line_1_29' title="bbox 61 3206 1074 3292; baseline 0.003 -23"><span class='ocrx_word' id='word_1_223' title='bbox 61 3206 134 3270; x_wconf 89' lang='lat' dir='ltr'><strong>dem</strong></span> <span class='ocrx_word' id='word_1_224' title='bbox 158 3206 354 3291; x_wconf 88' lang='lat' dir='ltr'><strong>intellectus,</strong></span> <span class='ocrx_word' id='word_1_225' title='bbox 381 3228 434 3271; x_wconf 90' lang='lat' dir='ltr'><strong>res</strong></span> <span class='ocrx_word' id='word_1_226' title='bbox 458 3227 534 3271; x_wconf 82' lang='lat' dir='ltr'><strong>vere</strong></span> <span class='ocrx_word' id='word_1_227' title='bbox 558 3228 639 3290; x_wconf 83' lang='lat' dir='ltr'><strong>quas</strong></span> <span class='ocrx_word' id='word_1_228' title='bbox 662 3206 734 3290; x_wconf 86' lang='lat' dir='ltr'><strong>ipsa</strong></span> <span class='ocrx_word' id='word_1_229' title='bbox 756 3206 977 3292; x_wconf 80' lang='lat' dir='ltr'><strong>intellegentia</strong></span> <span class='ocrx_word' id='word_1_230' title='bbox 1000 3229 1074 3272; x_wconf 93' lang='lat' dir='ltr'><strong>con-</strong></span> 
     </span>
    </p>
   </div>
   <div class='ocr_carea' id='block_1_3' title="bbox 61 3291 1128 3379">
    <p class='ocr_par' dir='ltr' id='par_1_3' title="bbox 61 3291 1128 3379">
     <span class='ocr_line' id='line_1_30' title="bbox 61 3291 1128 3379; baseline 0.005 -24"><span class='ocrx_word' id='word_1_231' title='bbox 61 3291 234 3377; x_wconf 81' lang='lat' dir='ltr'><strong>prehendit</strong></span> <span class='ocrx_word' id='word_1_232' title='bbox 270 3296 459 3376; x_wconf 78' lang='lat' dir='ltr'><strong>eecsmdaria</strong></span> <span class='ocrx_word' id='word_1_233' title='bbox 498 3294 735 3379; x_wconf 82' lang='lat' dir='ltr'><strong>significatione</strong></span> <span class='ocrx_word' id='word_1_234' title='bbox 766 3316 824 3378; x_wconf 89' lang='lat' dir='ltr'><strong>per</strong></span> <span class='ocrx_word' id='word_1_235' title='bbox 853 3296 1075 3378; x_wconf 85' lang='lat' dir='ltr'><strong>intellectuum</strong></span> <span class='ocrx_word' id='word_1_236' title='bbox 1093 3311 1128 3360; x_wconf 83' lang='lat'><strong>30</strong></span> 
     </span>
    </p>
   </div>
   <div class='ocr_carea' id='block_1_4' title="bbox 62 3379 1076 3644">
    <p class='ocr_par' dir='ltr' id='par_1_4' title="bbox 62 3379 1076 3644">
     <span class='ocr_line' id='line_1_31' title="bbox 62 3379 1075 3468; baseline 0.003 -23"><span class='ocrx_word' id='word_1_237' title='bbox 62 3379 283 3464; x_wconf 84' lang='lat' dir='ltr'><strong>medietatem,</strong></span> <span class='ocrx_word' id='word_1_238' title='bbox 309 3383 493 3449; x_wconf 85' lang='lat' dir='ltr'><strong>intellectus</strong></span> <span class='ocrx_word' id='word_1_239' title='bbox 516 3382 581 3467; x_wconf 84' lang='lat' dir='ltr'><strong>ipsi</strong></span> <span class='ocrx_word' id='word_1_240' title='bbox 603 3403 672 3448; x_wconf 84' lang='lat' dir='ltr'><strong>non</strong></span> <span class='ocrx_word' id='word_1_241' title='bbox 695 3383 763 3448; x_wconf 87' lang='lat' dir='ltr'><strong>sinc</strong></span> <span class='ocrx_word' id='word_1_242' title='bbox 786 3384 978 3467; x_wconf 70' lang='lat' dir='ltr'><strong>qmbusdam</strong></span> <span class='ocrx_word' id='word_1_243' title='bbox 1001 3406 1075 3468; x_wconf 86' lang='lat' dir='ltr'><strong>pas·</strong></span> 
     </span>
     <span class='ocr_line' id='line_1_32' title="bbox 62 3467 1076 3554; baseline 0.002 -20"><span class='ocrx_word' id='word_1_244' title='bbox 62 3467 209 3539; x_wconf 86' lang='lat' dir='ltr'><strong>sionibus</strong></span> <span class='ocrx_word' id='word_1_245' title='bbox 239 3471 327 3551; x_wconf 85' lang='lat' dir='ltr'><strong>sunt,</strong></span> <span class='ocrx_word' id='word_1_246' title='bbox 359 3492 440 3554; x_wconf 86' lang='lat' dir='ltr'><strong>quae</strong></span> <span class='ocrx_word' id='word_1_247' title='bbox 466 3471 501 3536; x_wconf 91' lang='lat' dir='ltr'><strong>in</strong></span> <span class='ocrx_word' id='word_1_248' title='bbox 528 3471 671 3537; x_wconf 85' lang='lat' dir='ltr'><strong>animam</strong></span> <span class='ocrx_word' id='word_1_249' title='bbox 698 3492 736 3535; x_wconf 85' lang='lat' dir='ltr'><strong>ex</strong></span> <span class='ocrx_word' id='word_1_250' title='bbox 765 3471 917 3537; x_wconf 84' lang='lat' dir='ltr'><strong>subiectis</strong></span> <span class='ocrx_word' id='word_1_251' title='bbox 941 3472 1076 3536; x_wconf 81' lang='lat' dir='ltr'><strong>veniunt</strong></span> 
     </span>
     <span class='ocr_line' id='line_1_33' title="bbox 62 3558 1076 3644; baseline 0.003 -22"><span class='ocrx_word' id='word_1_252' title='bbox 62 3558 169 3622; x_wconf 86' lang='lat' dir='ltr'><strong>robus.</strong></span> <span class='ocrx_word' id='word_1_253' title='bbox 218 3577 335 3640; x_wconf 84' lang='lat' dir='ltr'><strong>passus</strong></span> <span class='ocrx_word' id='word_1_254' title='bbox 368 3559 454 3622; x_wconf 89' lang='lat' dir='ltr'><strong>enim</strong></span> <span class='ocrx_word' id='word_1_255' title='bbox 486 3559 622 3643; x_wconf 87' lang='lat' dir='ltr'><strong>quilibet</strong></span> <span class='ocrx_word' id='word_1_256' title='bbox 653 3559 722 3624; x_wconf 89' lang='lat' dir='ltr'><strong>eius</strong></span> <span class='ocrx_word' id='word_1_257' title='bbox 754 3561 801 3624; x_wconf 87' lang='lat' dir='ltr'><strong>rei</strong></span> <span class='ocrx_word' id='word_1_258' title='bbox 833 3560 1076 3644; x_wconf 83' lang='lat' dir='ltr'><strong>proprietatem,</strong></span> 
     </span>
    </p>
   </div>
   <div class='ocr_carea' id='block_1_5' title="bbox 62 3694 1075 3910">
    <p class='ocr_par' dir='ltr' id='par_1_5' title="bbox 62 3694 1075 3910">
     <span class='ocr_line' id='line_1_34' title="bbox 134 3694 1075 3767; baseline 0.005 -18"><span class='ocrx_word' id='word_1_259' title='bbox 134 3694 272 3749; x_wconf 84' lang='lat' dir='ltr'><strong>3seeeE</strong></span> <span class='ocrx_word' id='word_1_260' title='bbox 347 3694 449 3749; x_wconf 70' lang='lat' dir='ltr'><strong>bctl*</strong></span> <span class='ocrx_word' id='word_1_261' title='bbox 522 3698 715 3767; x_wconf 72' lang='lat' dir='ltr'><strong>eucriptasb</strong></span> <span class='ocrx_word' id='word_1_262' title='bbox 771 3698 924 3754; x_wconf 78' lang='lat' dir='ltr'><strong>lorado?</strong></span> <span class='ocrx_word' id='word_1_263' title='bbox 979 3704 1075 3755; x_wconf 77' lang='grc'>1516</span> 
     </span>
     <span class='ocr_line' id='line_1_35' title="bbox 63 3762 1008 3839; baseline 0.007 -21"><span class='ocrx_word' id='word_1_264' title='bbox 63 3782 134 3835; x_wconf 83' lang='lat' dir='ltr'><strong>quae</strong></span> <span class='ocrx_word' id='word_1_265' title='bbox 153 3762 378 3834; x_wconf 86' lang='lat' dir='ltr'><strong>inscriptioueT</strong></span> <span class='ocrx_word' id='word_1_266' title='bbox 452 3773 484 3822; x_wconf 75' lang='lat'><strong>1⁷</strong></span> <span class='ocrx_word' id='word_1_267' title='bbox 503 3767 697 3824; x_wconf 82' lang='lat' dir='ltr'><strong>menbrauaF</strong></span> <span class='ocrx_word' id='word_1_268' title='bbox 770 3773 805 3822; x_wconf 73' lang='lat'><strong>28</strong></span> <span class='ocrx_word' id='word_1_269' title='bbox 822 3770 1008 3839; x_wconf 77' lang='lat' dir='ltr'><strong>proposital&#39;</strong></span> 
     </span>
     <span class='ocr_line' id='line_1_36' title="bbox 62 3835 1048 3910; baseline 0.004 -20"><span class='ocrx_word' id='word_1_270' title='bbox 62 3841 98 3891; x_wconf 75' lang='lat'><strong>24</strong></span> <span class='ocrx_word' id='word_1_271' title='bbox 115 3836 181 3890; x_wconf 87' lang='lat' dir='ltr'><strong>illas</strong></span> <span class='ocrx_word' id='word_1_272' title='bbox 200 3835 237 3890; x_wconf 87' lang='lat' dir='ltr'><strong>T¹</strong></span> <span class='ocrx_word' id='word_1_273' title='bbox 309 3842 343 3891; x_wconf 80' lang='lat'><strong>26</strong></span> <span class='ocrx_word' id='word_1_274' title='bbox 363 3835 387 3889; x_wconf 90' lang='lat' dir='ltr'><strong>si</strong></span> <span class='ocrx_word' id='word_1_275' title='bbox 406 3835 429 3889; x_wconf 89' lang='grc' dir='ltr'><strong>Τ</strong></span> <span class='ocrx_word' id='word_1_276' title='bbox 501 3844 598 3894; x_wconf 69' lang='grc'>3131</span> <span class='ocrx_word' id='word_1_277' title='bbox 616 3836 816 3893; x_wconf 85' lang='lat' dir='ltr'><strong>medietatibus</strong></span> <span class='ocrx_word' id='word_1_278' title='bbox 836 3841 902 3908; x_wconf 78' lang='lat' dir='ltr'><strong>(pro</strong></span> <span class='ocrx_word' id='word_1_279' title='bbox 920 3843 1006 3910; x_wconf 78' lang='lat' dir='ltr'><strong>pass)</strong></span> <span class='ocrx_word' id='word_1_280' title='bbox 1025 3841 1048 3894; x_wconf 82' lang='lat' dir='ltr'>T</span> 
     </span>
    </p>
   </div>
   <div class='ocr_carea' id='block_1_6' title="bbox 115 3933 869 3979">
    <p class='ocr_par' dir='ltr' id='par_1_6' title="bbox 115 3933 869 3979">
     <span class='ocr_line' id='line_1_37' title="bbox 115 3933 869 3979; baseline 0.007 -5"><span class='ocrx_word' id='word_1_281' title='bbox 115 3934 192 3976; x_wconf 83' lang='lat' dir='ltr'><strong>Boetii</strong></span> <span class='ocrx_word' id='word_1_282' title='bbox 206 3938 326 3979; x_wconf 87' lang='lat' dir='ltr'><strong>comment.</strong></span> <span class='ocrx_word' id='word_1_283' title='bbox 341 3934 370 3973; x_wconf 90' lang='grc' dir='ltr'><strong>Π.</strong></span> <span class='ocrx_word' id='word_1_284' title='bbox 846 3933 869 3979; x_wconf 68' lang='lat' dir='ltr'><strong>‘b</strong></span> 
     </span>
    </p>
   </div>
   <div class='ocr_carea' id='block_1_7' title="bbox 0 0 1203 4342">
    <p class='ocr_par' dir='ltr' id='par_1_7' title="bbox 0 0 1203 4342">
     <span class='ocr_line' id='line_1_38' title="bbox 0 0 1203 4342; baseline 0 0"><span class='ocrx_word' id='word_1_285' title='bbox 0 0 1203 4342; x_wconf 95' lang='lat' dir='ltr'><strong> </strong></span> 
     </span>
    </p>
   </div>
  </div>
 </body>
</html>
