2386 4342
153 102 196 168 66
501 99 671 170 suevum
690 98 814 155 anicio

153 252 213 314 est
249 268 400 332 semper
440 267 570 312 eorum
606 265 704 329 quae
742 243 785 309 de
823 244 947 310 altero
984 243 1173 311 dicuntur

151 341 343 490 nota‘Verbi
380 422 509 508 quidem
541 422 668 507 integra
703 421 848 487 definitio
884 420 1073 487 huiusmodi
1105 427 1173 489 ests

151 515 287 580 verbum
310 515 361 577 est
382 534 446 579 vox
467 511 685 597 significativa
703 510 879 576 secundum
895 509 1064 594 placitum,
1085 532 1172 597 quac

117 601 380 688 tconsignificat
405 603 550 685 tempus,
577 599 668 665 carius
692 599 782 664 nulla
804 621 881 683 pars
903 602 997 664 extra
1017 597 1171 685 designa-

151 691 220 756 tive
243 694 303 756 ost.
348 689 403 756 sed
426 689 579 775 quoniam
602 709 772 754 commune
795 691 846 752 est
868 687 918 752 illi
940 705 1014 753 cum
1035 689 1172 755 nominc

152 801 223 845 esse
250 779 322 845 voci
349 782 382 845 et
410 777 643 865 significativae
666 780 699 842 et
721 775 897 843 secundum
919 776 1092 861 plantum,
1123 776 1171 843 id·

152 869 236 935 circo
263 868 322 934 illa
348 869 488 935 reticuit.
530 868 575 933 ab
603 866 654 932 his
683 868 897 950 actamquae
920 865 1054 949 propria
1076 866 1170 933 verbi

152 963 228 1024 sunt
251 957 425 1023 incohavit
465 957 556 1021 verbi
578 959 689 1021 autern
712 958 763 1021 est
782 954 961 1039 proprium,
983 974 1049 1039 quo
1073 976 1095 1020 a
1118 954 1170 1021 de·

98 1062 133 1111 10
151 1045 299 1111 finitione
335 1045 475 1110 nominis
512 1048 716 1128 segregetur,
757 1043 842 1128 quod
883 1042 1171 1127 consignificat

151 1137 313 1216 tempus.
346 1153 441 1196 omne
464 1132 551 1196 enim
574 1132 709 1196 verbum
729 1131 1063 1216 consignificationem
1085 1134 1169 1199 tom·

151 1220 240 1305 poris
263 1219 391 1303 retinet,
413 1241 480 1285 non
503 1219 784 1304 significationem.
815 1219 1052 1287 ncminaenim
1066 1221 1168 1307 signi·

150 1310 250 1374 ficant
271 1311 412 1393 tempus,
438 1307 572 1374 verbum
600 1311 709 1373 autem
731 1330 804 1374 cum
826 1309 1051 1393 principaliter
1074 1314 1170 1376 actus

151 1397 384 1482 passionesque
407 1397 578 1484 significet,
598 1418 673 1462 cum
696 1397 777 1482 ipsis
800 1398 926 1463 actibus
949 1401 983 1462 et
1005 1398 1168 1482 passioni·

100 1500 133 1552 15
152 1486 213 1552 bus
237 1485 392 1571 temporis
414 1508 541 1572 quoque
565 1486 631 1552 rim
653 1486 769 1572 trahit,
795 1490 832 1551 nt
858 1487 894 1551 in
921 1507 960 1551 eo
984 1486 1073 1571 quod
1095 1487 1169 1553 dico

151 1576 248 1662 lego.
294 1576 456 1642 actionem
483 1575 612 1661 quidem
638 1575 803 1660 quandam
830 1575 1053 1659 principaliter
1076 1596 1168 1642 mon·

151 1669 234 1732 strat
256 1666 319 1732 hoo
341 1666 489 1749 verbum,
516 1665 574 1731 sed
599 1686 675 1731 cum
700 1687 741 1730 ea
768 1664 841 1749 ipsa
861 1662 981 1749 agendi
1004 1664 1169 1749 significa·

151 1754 241 1819 tione
271 1775 426 1838 praesens
457 1775 584 1839 quoque
614 1758 743 1838 tempus
772 1752 913 1818 adducit
965 1754 1063 1837 atque
1095 1753 1170 1820 ideo

150 1862 219 1905 non
242 1841 289 1905 ait
310 1842 445 1906 verbum
469 1841 652 1926 significare
674 1846 812 1926 tempus,
834 1840 892 1906 sed
910 1839 1170 1926 consignificare.

98 1943 133 1994 20
152 1949 256 2012 neque
294 1928 380 1992 enim
415 1929 640 2013 principaliter
675 1929 809 1994 verbum
844 1934 973 2014 tempus
1014 1929 1170 2017 designat

152 2014 228 2103 (hoc
251 2017 337 2082 enim
360 2017 504 2083 nominis
527 2015 604 2104 est),
627 2017 779 2082 sedeam
803 2017 874 2083 aliis
899 2038 981 2104 quae
1002 2019 1169 2105 principa·

150 2106 226 2173 liter
249 2107 413 2193 significat
436 2107 503 2173 vim
524 2125 653 2192 quoqne
672 2107 827 2191 temporis
845 2106 971 2173 inducit
988 2110 1023 2172 et
1041 2106 1167 2175 inserit

151 2217 228 2281 ergo
256 2218 330 2263 cum
357 2219 478 2263 nomen
506 2199 539 2261 et
561 2197 695 2262 verbum
718 2217 813 2263 voces
839 2195 1076 2282 significativae
1100 2198 1164 2263 sint

151 2287 184 2347 et
206 2285 383 2349 secundum
406 2286 570 2370 placitum,
593 2285 703 2351 addito
722 2286 833 2370 verbo,
856 2285 942 2370 quod
965 2285 1150 2373 consigni

97 2385 132 2436 25
150 2369 248 2435 ficet
271 2375 434 2457 tempus,
457 2395 477 2436 a
499 2374 631 2438 nomine
654 2377 852 2458 segregatur.
896 2377 935 2438 ut
958 2374 1044 2438 enim
1068 2396 1149 2461 saep

152 2459 274 2524 dictum
297 2463 356 2543 est,
378 2481 499 2524 nomen
522 2461 706 2545 significare
728 2464 857 2545 tempus
880 2462 1008 2546 poterit,
1030 2463 1146 2529 verbm

151 2567 228 2612 vero
260 2547 515 2633 consignificare.
560 2551 594 2613 et
625 2549 709 2614 siout
740 2550 775 2614 in
806 2550 992 2616 definitione
1021 2552 1142 2619 nomin⁴¹

152 2635 276 2701 addidit
298 2636 381 2700 nihil
403 2636 545 2702 nominis
569 2640 678 2720 partes
702 2642 867 2723 separatas
892 2662 913 2705 a
929 2643 1000 2705 tota
1017 2660 1135 2725 conpos

151 2724 242 2790 tione
268 2725 411 2790 nominis
439 2724 606 2811 designare
638 2731 771 2812 propter
799 2729 960 2794 orationes
993 2748 1076 2813 quae
1107 2750 1128 2795 n

96 2828 133 2879 30
152 2813 294 2879 minibus
318 2817 428 2878 essent
451 2815 652 2900 conpositae,
683 2819 721 2880 ut
750 2820 800 2881 ast
829 2820 868 2881 et
894 2816 1008 2882 Plato
1036 2814 1122 2885 ets

152 2905 294 2969 crates:
318 2903 365 2968 ita
388 2923 514 2987 quoque
537 2903 572 2968 in
594 2904 693 2970 verbo
717 2904 841 2969 addidit
863 2905 946 2970 nihil
964 2908 1057 2970 extra
1073 2926 1118 2973 va

223 3082 237 3131 1
258 3076 389 3132 dicuntur
406 3091 455 3148 epo
472 3077 518 3146 (of.
537 3077 640 3147 Μίνωι
658 3077 857 3146 praedicantur
875 3078 978 3135 codices
1049 3082 1068 3135 δ

150 3162 200 3201 om.
219 3146 255 3200 1²¹
310 3153 326 3202 ⁷
344 3165 442 3204 uocem
459 3147 554 3203 lura
609 3148 751 3204 atomi*
805 3096 1106 3221 significaliuamd'lf

150 3218 443 3287 sectsopraunffl
518 3219 963 3293 12.13ncmcn—s'nifioatb
1002 3216 1099 3289 ,ΙΝ

149 3288 216 3344 ficet
232 3303 319 3358 supra
338 3290 386 3345 lia.
407 3291 431 3346 Τ
524 3298 555 3346 17
575 3308 610 3348 ea
628 3307 714 3360 supra
732 3291 781 3346 lia
911 3297 947 3346 24
964 3282 1093 3361 additura

144 3361 288 3430 miocepa
308 3360 435 3416 additum
455 3364 559 3420 codices
639 3368 673 3416 25
692 3364 856 3434 segregetur
874 3362 912 3416 T¹
991 3356 1088 3421 81⁸&
