2386 4342
162 133 206 197 42
511 130 683 186 SECVNDA
700 128 824 185 EDITIO

162 277 246 342 iuria
269 276 394 360 dieitur,
416 278 503 340 recte
525 296 593 341 non
611 275 741 340 eaodem
760 279 835 340 sunt
853 272 1021 358 passiones
1040 273 1180 357 animae,

164 364 318 451 (16661616
341 363 434 428 616116
458 363 509 428 166
533 367 566 428 66
588 363 681 429 616116
704 364 827 428 bonum
849 361 1010 446 positione
1028 365 1089 445 est,
1111 382 1181 428 non

162 458 291 519 666616.
340 451 488 516 naturale
525 473 601 517 6616
637 453 761 517 1166661
798 455 895 536 atque
930 451 1052 514 iustum
1091 449 1180 532 apud

162 562 275 606 omnes
285 542 412 642 Ι166666
434 540 592 605 116616
543 543 601 604 666.
633 539 722 605 etde
741 539 801 604 deo
820 560 948 624 quoque
965 538 1064 602 idem:
1084 539 1177 603 66166

126 629 310 713 61666616
343 627 469 693 diversa
501 561 650 692 culturae
660 628 716 712 616,
747 627 833 692 idem
863 630 974 692 tamen
1006 626 1178 692 cuiusdam

162 716 437 781 eminentissimae
468 720 605 781 naturae
638 719 688 780 666
718 714 912 782 intellectus.
958 736 1057 799 quare
1086 735 1181 799 repe·

160 805 295 870 tendum
318 805 459 870 breviter
482 826 502 869 a
524 803 684 889 principio
708 806 767 868 666
790 803 1002 887 <a>partibus
1026 803 1115 867 enim
1139 803 1181 868 ad

161 893 342 960 orationem
372 914 475 979 usque
502 893 663 976 pervenit:
694 913 771 957 6616
802 890 888 976 quod
916 912 950 955 66
978 890 1068 975 prius
1099 890 1180 975 quid

161 986 247 1046 66666
268 982 415 1063 66111661,
444 980 521 1064 quid
543 1002 664 1045 nomen
686 979 884 1045 constituere
908 979 1003 1062 dixit,
1030 979 1094 1043 1166
1117 979 1178 1044 mi·

108 1069 265 1135 16616166
289 1068 445 1131 6166161116
468 1071 577 1150 partes
601 1071 692 1150 66661
715 1067 895 1152 (16616616
914 1067 1178 1132 adfirmationem

161 1158 194 1220 et
215 1155 433 1239 negationem,
454 1154 520 1219 1616
543 1155 583 1219 de
606 1155 776 1238 conposita
799 1177 838 1218 ex
856 1155 963 1220 verbis
983 1160 1016 1219 et
1031 1155 1179 1220 6661161-

160 1243 222 1307 bus
245 1241 391 1307 oratione
415 1242 568 1327 loquitur,
591 1264 673 1327 (1666
692 1242 821 1307 eaedem
838 1264 950 1307 rursus
969 1246 1078 1326 partes
1098 1247 1181 1309 sunt

162 1329 402 1395 enuntiationis.
448 1334 578 1414 etpost
600 1330 833 1396 enuntiationis
856 1331 1111 1415 propositionem
1136 1331 1180 1397 de

162 1418 308 1483 61661666
331 1419 422 1503 loqui
444 1419 622 1502 proposuit,
645 1419 736 1484 ouius
755 1419 828 1503 ipsa
846 1440 971 1503 quoque
991 1419 1175 1485 enuntiatio

111 1522 237 1590 1611616
270 1511 330 1572 est.
388 1509 421 1572 66
453 1507 607 1592 quoniam
640 1507 690 1592 (ut
721 1506 844 1572 dietum
876 1505 939 1592 666)
971 1507 1089 1590 11111161
1122 1511 1175 1572 666

163 1596 281 1680 616616,
312 1617 393 1680 (1666
416 1596 452 1660 16
474 1596 607 1679 11666116,
635 1617 717 1680 (1666
739 1595 774 1659 16
798 1615 890 1679 6666,
917 1616 1000 1679 (1666
1023 1595 1058 1658 16
1080 1596 1178 1660 16661-

162 1684 309 1785 166611166
327 1687 390 1766 666,
423 1684 480 1769 qui
506 1684 640 1785 verbum
668 1688 701 1748 et
729 1705 850 1749 666166
877 1683 1068 1749 definiturus
1092 1687 1180 1750 esset

162 1771 391 1921 1661661
393 1771 1025 1941 iustissimussuiuus
1027 1793 1180 1944 ”titt

109 1945 203 2011 66611
226 1944 278 2010 his
300 1945 486 2010 nominibus
510 1950 543 2010 66
565 1947 671 2011 6611116
696 1967 777 2030 (1666
801 1951 877 2012 sunt
899 1948 935 2012 in
952 1969 1029 2013 6666
1051 1947 1177 2013 dicens:

164 2037 254 2098 sunt
282 2054 372 2119 6116
401 2054 444 2098 66
470 2055 565 2118 (1666
594 2036 686 2099 6666
712 2035 752 2098 16
778 2056 870 2100 6666
907 2039 939 2099 66
971 2035 1173 2101 demonstrat

162 2144 300 2207 (1661616
323 2123 390 2188 6166
412 2122 575 2226 6116111666
560 2123 629 2188 6166
646 2122 787 2188 adiciens
811 2144 940 2188 earum
963 2145 1060 2208 quae
1084 2129 1168 2191 sunt

161 2211 201 2273 in
242 2212 368 2276 anima
408 2213 637 2294 passionum
672 2215 795 2278 notae.
853 2234 966 2277 rursus
1002 2211 1161 2277 nominun

162 2297 306 2398 ipsorum
332 2298 566 2384 verborumque
593 2321 676 2385 quae
701 2299 738 2364 in
759 2320 839 2364 6666
861 2303 939 2364 sunt
960 2320 999 2363 66
1020 2299 1121 2363 verba
1144 2322 1155 2364 e

110 2399 144 2448 25
162 2384 296 2448 nomina
323 2405 405 2468 (1666
433 2389 572 2451 essent
562 2410 597 2451 16
618 2387 735 2451 litteris
759 2386 938 2450 constituta
960 2385 1149 2468 significatis

164 2491 234 2535 6666
258 2471 400 2536 declarat
423 2472 530 2539 (116666
555 2478 593 2539 66
615 2495 660 2538 66
681 2492 779 2571 quae
802 2471 1028 2536 scribuntur
1049 2490 1140 2539 6616

164 2580 261 2643 (1666
285 2560 436 2623 666616
458 2582 562 2626 6666.
594 2563 627 2624 et
650 2559 805 2644 quoniam
828 2560 984 2643 quattuor
1001 2557 1065 2621 1666
1083 2579 1137 2643 qur

165 2646 240 2710 dam
263 2649 354 2712 sunt:
377 2647 515 2732 litterae,
537 2666 643 2729 66666,
665 2645 860 2730 intellectus,
882 2667 944 2729 166,
967 2666 1126 2730 quorum.

163 2737 252 2800 66166
281 2737 315 2798 66
342 2754 437 2799 66666
459 2735 622 2819 positione
646 2736 737 2817 sunt,
768 2738 1057 2800 6666166616166
1081 2739 1125 2802 at

112 2838 147 2888 66
165 2822 361 2906 intellectus,
393 2820 629 2887 demonstravit
656 2842 751 2886 66666
782 2843 849 2887 666
879 2843 948 2887 6666
975 2824 1116 2889 naturali

166 2911 221 2976 sed
244 2910 407 2994 positione
429 2930 487 2992 per
509 2908 572 2973 1166
595 2909 681 2993 (1661
705 2910 752 2975 616
770 2931 838 2975 666
856 2910 984 2976 easdem
1002 2933 1073 2977 6666
1091 2932 1106 2977 s

166 3018 292 3081 omnes,
324 2996 379 3063 sed
402 2996 524 3081 661166,
552 2999 662 3061 66666
696 3001 734 3062 66
764 3000 1079 3082 quemadmodum

239 3150 1066 3234 1666166661766166611·61666(116668(1661

168 3225 210 3275 lt.
231 3226 327 3275 1661
347 3222 428 3276 sstF
502 3228 677 3292 1611666166(
696 3223 862 3280 16666111
931 3229 1058 3296 18661

167 3287 358 3360 positurusb:
376 3292 518 3361 positurus
532 3296 576 3349 est
593 3295 697 3350 66611666
732 3301 766 3352 22
781 3296 852 3366 sign.
862 3294 954 3352 616611
990 3312 1059 3353 eom

167 3364 202 3415 36
211 3359 320 3418 litteras
330 3365 359 3417 et
368 3370 470 3418 voces?
506 3369 660 3436 31perom.
672 3365 745 3420 SFT
784 3366 898 3436 quodb.
909 3365 1060 3437 quemme
