2386 4342
527 615 582 670 Io.
604 621 628 673 1.
1040 574 1082 685 gp

67 773 212 840 eumque,
234 779 317 842 quae
340 761 391 822 est
412 752 531 824 voerim
555 762 588 823 at
611 760 739 826 animae
760 761 967 845 passionum,
990 785 1083 848 opor·

66 846 116 907 tet
139 844 222 909 siout
244 867 340 912 vooes
363 847 502 912 diversis
525 847 644 913 littaris
667 852 908 935 permutantur,
936 851 983 914 ila
1007 873 1083 936 quo-

65 952 127 1014 que
150 934 317 1015 passiones
335 935 464 1000 animae
484 935 620 1001 diversis
639 937 772 1002 vooibus
791 940 979 1024 permutari,
997 940 1083 1024 quod

63 1039 133 1083 non
154 1020 201 1087 fis
227 1022 314 1088 idem
335 1045 480 1109 namque
502 1023 689 1089 intellectus
711 1025 845 1090 variatis
867 1030 977 1111 potest
998 1028 1083 1092 soei·

64 1107 125 1172 bus
144 1110 329 1194 significari.
361 1111 420 1178 sed
439 1110 662 1177 Alexander
684 1112 719 1176 id
737 1114 824 1198 quod
842 1135 916 1178 eum
935 1116 1083 1200 superius
1102 1129 1119 1178 s

64 1196 204 1262 sensisse
234 1200 416 1265 memoravi
457 1198 521 1264 hoo
557 1199 697 1282 probare
733 1200 850 1264 nititur
881 1207 1082 1286 argumento.

63 1284 113 1349 ait
136 1286 221 1349 enirn
245 1286 344 1351 etiarn
363 1288 404 1350 in
424 1285 490 1350 hoe
514 1307 643 1369 quoque
667 1284 806 1350 similem
828 1305 900 1350 esse
922 1289 1083 1372 signifiea-

62 1372 189 1436 tionem
214 1373 400 1437 litterarum
429 1390 468 1436 aa
495 1393 627 1457 vocum,
659 1373 813 1455 quoniam
841 1373 924 1438 siout
953 1375 1083 1441 litterae

64 1478 133 1522 non
160 1460 352 1523 naturaliter
379 1479 491 1543 voees,
524 1458 581 1525 sed
611 1460 774 1544 positione
805 1461 1003 1548 significant,
1034 1464 1083 1529 ita

65 1565 194 1629 quoque
222 1566 316 1611 voees
342 1566 411 1612 non
439 1548 635 1613 naturaliter
663 1549 848 1615 intellectus
878 1551 994 1635 animi,
1026 1552 1082 1617 sed
1101 1566 1136 1618 ro

65 1631 174 1716 aliqua
196 1634 358 1718 positione
380 1635 568 1720 designant.
614 1637 673 1703 sed
695 1637 751 1721 qui
772 1638 863 1722 prius
886 1640 1021 1724 reoepit,
1044 1645 1083 1706 ut

61 1719 96 1784 id
119 1722 206 1804 quod
229 1720 472 1788 Aristoteles
496 1724 555 1788 ait:
586 1730 627 1790 et
654 1746 698 1790 ea
726 1746 822 1810 qnae
856 1727 1083 1792 scribuntur

60 1808 109 1873 ita
135 1809 258 1875 dietum
282 1815 383 1896 esset,
405 1815 575 1897 tamquam
595 1813 626 1878 si
654 1813 791 1879 diceret:
823 1815 907 1880 siout
934 1834 973 1879 ea
999 1837 1082 1900 quae

62 1898 261 1984 scribuntur,
290 1900 449 1984 quidquid
476 1901 518 1964 ad
544 1901 629 1966 hane
658 1903 853 1966 sententiam
875 1901 1003 1967 videtur
1025 1903 1082 1968 ad-

60 1987 209 2071 iungere,
247 1986 428 2072 aequaliter
454 2005 527 2052 non
559 1988 729 2053 dubitatur
746 2009 875 2053 errare.
930 1991 1081 2073 quocirca
1101 2003 1134 2054 15

61 2078 175 2140 nostro
207 2074 327 2140 iudicio
355 2076 412 2159 qui
440 2076 559 2140 mutius
587 2079 697 2139 tenere
728 2075 840 2140 volent
871 2075 1082 2159 Porphyrii

62 2183 97 2226 se
116 2162 287 2226 sententiis
307 2162 525 2246 adplicabunt.
557 2162 749 2246 Aspasius
773 2183 901 2248 quoque
921 2163 1081 2228 secundae

62 2248 246 2313 sententiae
269 2249 499 2332 Alexandri,
532 2271 630 2334 quam
653 2272 752 2333 supra
774 2251 954 2335 posuimus,
987 2250 1081 2316 valde

63 2337 241 2421 consentit,
264 2337 364 2421 quia
386 2337 481 2403 nobis
505 2338 540 2401 in
563 2338 677 2403 eodem
700 2359 764 2422 quo
787 2338 1008 2405 Alexander
1028 2360 1080 2403 er-

60 2446 136 2490 rore
155 2425 348 2509 oedpabitur.
381 2425 620 2490 Aristoteles
642 2446 721 2492 vero
738 2425 865 2490 dnobus
884 2427 990 2492 modis
1009 2446 1079 2492 esse
1099 2434 1135 2489 aa

60 2513 122 2578 has
145 2516 241 2579 notas
260 2517 359 2596 putat
381 2513 574 2596 litteramm,
596 2532 714 2577 vocum
736 2511 988 2596 passionumque
1011 2515 1080 2577 eni-

62 2622 135 2664 mae
157 2601 368 2664 eonstitutas:
396 2618 463 2663 uno
482 2598 616 2682 quidem
638 2598 815 2681 positione,
839 2598 902 2662 alio
924 2616 1001 2662 vero
1024 2617 1079 2663 na·

59 2687 222 2752 turaliter.
254 2689 352 2769 atqua
370 2685 433 2750 hoo
450 2688 502 2750 est
520 2685 606 2768 quod
625 2685 685 2750 ait:
706 2687 747 2748 et
765 2685 1080 2768 quemadmodum

59 2796 132 2841 neo
165 2775 327 2839 litteras
361 2773 541 2842 omnibus
574 2773 743 2856 eaedem,
779 2773 834 2837 sio
866 2795 935 2839 neo
966 2796 1078 2841 voees

61 2864 227 2928 eaedem.
268 2884 347 2928 nem
371 2863 398 2926 si
422 2862 552 2926 litterae
574 2882 680 2944 voees,
702 2861 791 2945 ipsae
814 2883 890 2927 vero
913 2881 1008 2928 voees
1031 2863 1079 2927 in-
1098 2875 1133 2926 25

60 2952 212 3019 tellectus
232 2951 334 3016 animi
352 2951 545 3015 naturaliter
563 2951 781 3036 designarent,
800 2972 912 3016 omnes
931 2951 1078 3016 homines

61 3040 165 3106 isdem
189 3041 323 3123 litteris,
355 3039 458 3105 isdem
485 3039 586 3104 etiam
613 3039 747 3106 vocibus
771 3042 947 3104 uterentur.
993 3040 1079 3122 quod

61 3126 782 3282 lsssmvsl,ttntsstssltt
806 3127 1078 3279 lllstsss

62 3303 118 3368 sed
141 3303 195 3369 hio
212 3303 332 3388 duplex
348 3267 447 3370 leotio
467 3310 526 3369 est
557 3303 778 3369 Alexander
796 3303 882 3367 enim
900 3302 963 3367 lroo
981 3298 1077 3364 modo
1097 3307 1134 3360 ³0

59 3392 127 3478 legi
150 3395 247 3476 putat
273 3396 438 3475 oportere:
472 3414 631 3477 quorum
660 3395 786 3456 autem
813 3391 906 3455 haee
934 3389 1078 3472 primo·

132 3644 157 3693 1.
178 3642 194 3692 2
213 3635 397 3706 oporteretll
472 3641 503 3690 11
524 3633 627 3705 resipit
646 3633 673 3702 S,
692 3649 760 3688 eon.
781 3629 814 3686 δ’
868 3635 972 3687 18-19
991 3644 1077 3696 quam

59 3739 93 3750 -
105 3706 268 3764 Alexander
286 3707 319 3760 ia
336 3720 422 3775 marp.
442 3704 461 3760 S
542 3711 575 3760 21
594 3721 697 3760 vocum
713 3716 764 3758 om.
785 3700 821 3782 ἓξ
897 3706 940 3756 24.
960 3703 995 3753 25
1014 3710 1077 3752 eu·

58 3780 124 3834 dem
142 3796 169 3834 v.
190 3778 296 3834 codices
314 3776 389 3844 (item
402 3791 433 3843 p,
453 3779 500 3842 38,
518 3780 555 3830 10
573 3781 598 3830 et
616 3776 666 3841 29)
738 3775 773 3826 a?
791 3771 900 3826 hisdem
919 3765 1049 3823 S¹F¹TE

57 3849 171 3904 hisdem
191 3845 309 3901 SP'TE
382 3850 415 3899 31
436 3844 489 3898 hae
508 3844 748 3912 codieee(ltemp.
768 3842 880 3909 38,18)
1073 3846 1079 3874 '²
