2386 4342
116 213 159 279 72
464 210 633 268 SECVNDA
650 210 776 266 EDITlO

114 381 240 446 quoque
273 357 499 424 articularibus
509 356 763 465 praepositivis
795 356 867 421 sola
903 356 1003 421 rerba
1039 356 1133 422 dicta

113 450 331 534 proferantur,
353 450 390 511 ut
413 449 464 511 cst
484 441 522 512 τὸ
544 456 750 531 περιπατεῖν,
772 445 835 510 τοῦ
856 455 1063 530 περιπατεῖν,
1080 446 1131 534 τῷ

111 540 313 623 περιπατεῖν.
344 535 481 621 quod
454 557 483 599 s1
505 534 603 600 rerba
625 555 698 598 cum
720 533 907 599 nominibus
924 534 1127 619 coniungan-

112 630 181 709 tur,
207 626 242 689 in
270 624 415 690 oratione
443 621 567 688 Graeca
598 622 783 688 articularia
804 622 1026 707 praepositiva
1049 623 1124 688 addi

77 732 180 780 onon
201 717 349 797 possunt,
371 713 435 776 nisi
459 711 530 777 sola
552 712 638 776 dicta
659 711 734 776 sint
763 711 918 796 quoniam
937 710 1129 796 significant

112 825 183 869 rem
214 805 248 867 et
273 802 320 867 ita
346 806 395 886 ut,
423 801 571 887 quamvis
598 822 671 866 eam
701 799 887 885 significent
915 820 998 883 quae
1027 801 1128 865 alicui

111 892 199 976 insit,
221 893 332 956 tamen
354 890 529 956 secundum
552 911 587 955 se
610 893 644 954 et
664 910 723 973 per
745 911 837 954 suam
859 888 1057 953 sententiam
1079 889 1130 954 ‹li-

111 986 233 1064 cantur,
251 979 371 1045 idcirco
390 983 468 1045 sunt
484 979 668 1044 nominae
669 978 788 1062 tquod
805 975 1045 1042 Aristoteles
1064 978 1129 1043 ait:

111 1070 198 1153 ipsa
224 1067 377 1153 quidem
405 1067 611 1132 secundum
639 1087 678 1131 se
701 1067 805 1130 dicta
827 1066 945 1131 verba
966 1066 1129 1131 nomina

60 1175 94 1224 10
114 1161 218 1240 sunt,
240 1157 306 1220 tale
329 1159 381 1219 est
402 1177 440 1221 ac
463 1156 492 1219 si
514 1155 690 1219 diceret.
680 1176 754 1237 1psa
775 1155 905 1240 quidem
928 1155 998 1220 sola
1018 1177 1127 1239 neque

113 1266 188 1311 cum
215 1245 289 1309 aliis
315 1245 425 1308 iuncta
452 1244 552 1308 verba
577 1243 712 1308 nomina
738 1247 823 1308 sunt
868 1244 959 1308 cuius
986 1244 1035 1308 rei
1062 1243 1131 1310 hoe

113 1335 342 1419 argumentum
369 1331 486 1396 reddit:
527 1332 737 1397 constituit
762 1332 877 1416 enim,
905 1332 1027 1417 inquit,
1059 1332 1125 1416 qui

113 1422 210 1487 dicit
240 1420 486 1487 intellectum
522 1424 560 1485 et
590 1421 656 1504 qui
686 1420 796 1485 audit
826 1421 1007 1505 quiescit
1062 1421 1126 1488 boo

112 1513 223 1576 autem
252 1510 317 1575 tale
347 1513 414 1574 est:
461 1509 550 1575 omni
578 1509 711 1574 nomine
740 1509 851 1574 audito
880 1510 1036 1593 quoniam
1066 1531 1128 1594 per

59 1616 93 1666 15
113 1600 256 1684 syllabas
283 1598 492 1684 progrediens
520 1619 584 1663 ror
612 1598 849 1682 aliquantulum
872 1599 1029 1682 temporis
1052 1621 1127 1683 spa·

111 1690 194 1754 tium
221 1688 376 1773 decerpit,
403 1688 439 1753 in
466 1685 539 1772 ipsa
560 1687 791 1772 progressione
811 1687 967 1770 temporis
990 1708 1058 1771 qua
1079 1687 1126 1753 di-

111 1779 194 1843 citur
215 1799 334 1844 nomen
356 1777 517 1842 audientis
540 1797 669 1861 quoque
695 1777 822 1840 animus
844 1775 1065 1860 progreditur:
1090 1780 1132 1841 ut

112 1888 186 1931 cum
217 1866 290 1931 (lico
321 1866 613 1949 inperterritus,
649 1865 733 1930 sicut
760 1886 819 1948 per
847 1864 991 1948 syllabas
1023 1865 1063 1929 iu
1093 1869 1129 1930 et

111 1974 178 2037 per
201 1957 235 2018 et
255 1957 316 2018 ter
338 1957 372 2018 et
393 1955 516 2018 ceteras
538 1953 745 2038 progreditur
766 1974 898 2037 nomen,
924 1953 972 2017 ita
994 1975 1128 2039 quoque

57 2059 94 2109 ao
112 2042 240 2107 animus
263 2041 424 2107 audientis
445 2063 505 2125 per
527 2041 656 2106 easdem
679 2041 821 2125 syllabas
844 2041 941 2106 vadit
986 2041 1043 2106 sed
1066 2042 1128 2107 nbi

112 2132 184 2216 quis
203 2130 381 2216 expleverit
397 2151 518 2196 nomen
535 2134 570 2195 et
587 2128 707 2195 dixerit
723 2129 1017 2214 inperterritus,
1040 2131 1129 2197 sicut

110 2242 231 2286 nomen
248 2221 376 2286 finitum
395 2243 415 2286 a
433 2220 632 2305 syllabarum
649 2220 875 2304 progressione
894 2219 1054 2304 consistit,
1076 2220 1128 2285 ia

112 2331 240 2394 quoque
263 2310 422 2374 audientis
446 2309 573 2375 animus
592 2309 800 2393 conquiescit
830 2329 907 2372 nam
926 2329 999 2372 cum
1016 2312 1128 2374 totum

110 2418 232 2462 nomen
258 2398 361 2480 audit,
391 2401 497 2463 totam
525 2397 796 2482 significationem
824 2397 913 2479 capit
939 2400 973 2461 et
995 2398 1129 2463 animus

59 2501 95 2553 ιι
113 2484 283 2568 audientis,
305 2486 361 2569 qui
383 2486 519 2551 dicentis
543 2485 685 2569 syllabas
704 2485 898 2567 sequebatur
915 2484 1028 2550 volens
1047 2484 1128 2572 quid

112 2573 168 2638 ille
202 2574 321 2638 diceret
352 2573 553 2674 intellegere,
585 2594 658 2637 cum
691 2573 962 2657 significationem
994 2575 1128 2660 ceperit,

113 2661 265 2729 consistit
287 2663 321 2725 et
343 2660 411 2725 eius
434 2662 561 2725 animus
582 2659 739 2815 perfectqt
749 2661 879 2727 demum
900 2663 1033 2729 nomina
1050 2684 1128 2730 oon·

112 2752 171 2816 stit
156 2752 268 2816 tuitur.
312 2749 374 2814 hoc
398 2752 448 2814 est
469 2750 554 2814 euim
578 2750 664 2834 quod
691 2749 751 2815 ait:
782 2752 993 2817 constituit
1024 2752 1128 2819 enim

114 2841 178 2924 qui
201 2839 299 2905 dicit
320 2838 568 2904 intellectum
590 2842 629 2903 et
651 2839 716 2923 qni
739 2840 847 2904 audit
868 2840 1046 2923 quiescit
1081 2842 1129 2907 et·

59 2945 95 2996 30
114 2930 201 2995 enim
223 2929 253 2994 is
276 2926 331 3012 qui
355 2927 498 3012 loquitur
520 2931 692 3012 postquam
715 2932 819 2993 totum
838 2950 1021 2995 sermonem
1039 2929 1128 2995 dixe·

184 3121 393 3177 lcumart.b
465 3120 644 3192 2ιιι]ἱι181
708 3119 1091 3202 Μθναρεαονιῖβμ

109 3192 215 3261 relicto)
256 3198 273 3246 5
292 3190 449 3315 nisipatsi?
468 3208 507 3246 an
515 3209 586 3261 quae
596 3191 747 3260 quomam?
766 3208 899 3260 quomam
909 3207 976 3246 vero
985 3193 1092 3292 οιμὸρ

112 3261 384 3331 ltamcnquia²
436 3263 635 3320 seetomS¹
690 3261 928 3318 ⁷.8dicunturT
983 3260 1092 3319 taint

112 3338 156 3388 12
177 3340 210 3390 13
229 3333 406 3388 intellectum
425 3333 474 3402 qui
492 3333 562 3388 drort
579 3332 616 3386 Τ
671 3340 706 3388 14
725 3334 802 3388 omni
818 3334 932 3388 nomine
949 3333 1077 3390 auditor

112 3421 195 3460 omne
213 3420 316 3460 nornen
333 3404 462 3459 auditum
481 3406 585 3461 codices
689 3408 721 3459 15
740 3421 795 3460 vox
813 3420 883 3460 erus.
902 3403 985 3474 ins,
1009 3405 1056 3462 aa

110 3474 204 3532 0an
276 3481 307 3532 21
329 3477 427 3531 etom.
447 3474 480 3530 S¹
551 3481 585 3531 23
603 3493 648 3531 an.
666 3475 773 3530 aaut*
