2386 4342
532 576 545 629 Ι
567 593 590 631 c.
612 581 636 630 1.
1045 578 1089 642 47

74 715 162 798 quod
176 736 249 781 eum
264 718 430 784 ambulare
448 719 592 804 concepi,
610 719 700 784 nulla
718 720 900 802 conpositio
919 724 982 806 est3
1004 723 1090 806 quod

73 825 150 869 vero
169 805 204 869 in
221 806 404 872 intellectus
423 807 651 894 progressione
670 807 924 874 ambulationem
945 829 1018 874 cum
1032 809 1090 876 So·

69 896 157 957 crata
188 895 366 980 coniungo,
393 897 552 980 quaedam
580 896 646 960 iam
674 896 762 961 facta
788 901 839 961 est
866 898 1057 980 conpositio.
1082 896 1191 984 (pecu

68 981 156 1065 quod
187 983 214 1046 si
241 982 303 1048 hoc
326 984 474 1049 oratione
496 983 672 1068 protulero,
699 1005 811 1049 rursus
834 984 947 1050 eadem
970 1007 1089 1070 conpo-

69 1070 145 1134 sitio
167 1074 217 1135 est
235 1074 268 1135 et
286 1073 370 1137 circa
389 1093 462 1137 eam
480 1073 531 1137 vis
549 1071 698 1137 veritatis
717 1075 750 1136 et
767 1071 920 1138 falsitatis
945 1075 1088 1158 adparet.
1107 1089 1123 1141 ὁ

67 1158 220 1243 quocirca
242 1159 277 1222 in
298 1159 349 1224 his
373 1160 453 1224 solis
476 1159 758 1244 conpositionibus
781 1161 945 1226 invenitur
967 1163 1087 1229 veritas

67 1250 167 1330 atque
194 1245 412 1331 mendacium,
439 1247 479 1312 de
507 1245 625 1329 quibus
652 1249 724 1310 tota
752 1267 838 1311 nunc
860 1249 1006 1330 quaestio
1029 1254 1087 1333 ast,

65 1335 103 1396 in
130 1334 263 1399 nomine
291 1335 416 1400 scilicet
442 1336 477 1397 et
493 1333 610 1414 verbo,
632 1332 667 1395 in
688 1333 863 1416 negatione
886 1336 920 1397 st
942 1335 1088 1401 adfirma-

65 1421 157 1486 tione
187 1425 221 1484 et
248 1420 474 1485 enuntiatione
502 1423 536 1483 et
563 1419 718 1485 oratione.
751 1440 833 1503 quae
862 1419 986 1487 scilicet
1014 1444 1089 1487 con·

67 1508 250 1590 positiones
263 1507 410 1572 veritatis
425 1511 459 1572 et
472 1507 628 1572 falsitatis
643 1510 794 1572 naturam
811 1508 851 1573 ab
866 1509 1086 1576 intellectibus
1105 1528 1139 1579 10

68 1594 265 1678 accipientes
283 1596 318 1659 in
337 1595 584 1680 significationis
602 1596 787 1679 prolatione
809 1602 1010 1664 conservant.
1047 1599 1087 1666 de

67 1683 225 1748 divisione
256 1687 363 1748 autem
394 1706 476 1769 quae
508 1684 550 1749 ad
576 1685 785 1769 negationem
812 1686 956 1768 pertinet
985 1686 1086 1773 deque
1159 1761 1163 1770 ,

66 1771 291 1854 conpositione
306 1793 388 1857 quae
403 1773 445 1837 ad
459 1772 717 1838 adfirmationem
731 1773 829 1856 paulo
844 1779 920 1857 post
938 1775 1098 1850 enuclea,

64 1860 130 1924 tius
151 1859 264 1925 dicam.
295 1882 382 1926 nunc
400 1861 481 1925 illud
499 1861 674 1926 videndum
694 1863 758 1944 est,
780 1864 890 1925 utrum
908 1884 1020 1927 verum
1044 1865 1086 1928 sit

64 1948 152 2012 circa
166 1969 295 2013 omnem
310 1949 571 2032 conpositionem
586 1949 735 2030 circaque
749 1968 879 2012 omnem
893 1948 1086 2016 divisionem
1106 1967 1139 2018 15

64 2036 236 2100 veritatem
247 2037 298 2101 vel
311 2035 517 2100 mendacium
531 2037 712 2118 provenire,
722 2034 808 2117 quod
819 2036 952 2101 omnino
966 2036 1085 2102 falsum

64 2127 124 2188 est.
170 2124 243 2208 quis
276 2123 363 2186 enim
391 2122 510 2187 dixerit
541 2120 728 2186 huiusmodi
754 2122 922 2186 nominum
956 2123 1086 2188 coniun-

67 2212 210 2276 ctionem
234 2213 272 2275 ot
295 2208 475 2275 Socrates
498 2213 537 2274 et
558 2207 670 2274 Plato
694 2209 746 2273 vel
773 2209 801 2274 si
826 2231 845 2272 a
868 2231 902 2274 se
925 2209 1005 2275 haec
1028 2232 1085 2277 no·

63 2299 156 2362 mina
180 2297 365 2362 dividantur
391 2318 460 2362 nec
491 2296 672 2362 Socrates
699 2318 768 2362 nec
791 2296 906 2363 Plato
934 2299 1003 2363 veri
1026 2301 1083 2364 ali·

64 2408 163 2470 quam
186 2385 302 2450 falsive
319 2389 429 2450 tenere
449 2385 722 2471 significantiam?
744 2406 843 2470 quare
865 2386 1084 2456 confitendum
1102 2404 1138 2455 20

63 2479 114 2539 est
143 2495 210 2539 non
238 2475 324 2538 circa
347 2495 475 2539 omnem
499 2473 693 2539 divisionem
715 2494 821 2557 nsque
844 2474 930 2537 circa
952 2496 1082 2541 omnem

64 2562 334 2644 conpositionem,
357 2582 429 2625 eam
453 2561 579 2625 scilicet
596 2581 678 2641 quae
701 2561 736 2622 in
758 2558 905 2623 oratione
927 2564 1084 2641 versetur,

66 2647 273 2712 mendacium
296 2647 531 2730 veritatemque
554 2645 738 2709 subsistere.
776 2645 832 2709 sed
854 2644 934 2710 illud
956 2647 1083 2712 verissi-

65 2756 156 2800 mum
189 2738 252 2818 est,
282 2733 368 2818 quod
400 2734 506 2799 omnis
536 2752 618 2817 quae
651 2731 760 2796 estin
790 2733 935 2797 oratione
963 2735 1082 2805 veritas

65 2823 258 2908 falsitasque
285 2824 319 2887 in
347 2821 572 2904 conpositione
596 2823 629 2884 et
652 2819 811 2886 divisione
830 2822 987 2906 nascitur,
1014 2845 1082 2890 non
1101 2838 1136 2890 ac

64 2916 175 2977 tamen
204 2911 309 2976 omnis
338 2911 495 2975 orationis
526 2909 711 2994 conpositio
741 2910 792 2974 vel
824 2909 939 2975 divisio
969 2932 1081 2977 verum

63 3001 183 3066 retinet
207 3003 264 3065 aut
286 2999 415 3065 falsum.
452 3019 529 3084 ergo
554 2997 582 3064 si
605 2998 651 3064 sio
674 2997 821 3063 dixisset:
845 2999 930 3063 circa
953 3021 1081 3065 omnem

64 3089 323 3172 conpositionem
351 3088 403 3153 vel
431 3087 626 3153 divisionem
654 3086 774 3151 veritas
803 3086 994 3172 falsitasque
1023 3092 1081 3172 est,

62 3177 264 3240 mentiretur.
316 3177 373 3242 sed
411 3177 564 3260 quoniam
601 3174 685 3239 dixit
718 3173 923 3257 simpliciter:
960 3176 1080 3241 veritas

62 3263 253 3347 falsitasque
267 3263 353 3328 circa
366 3264 624 3347 conpositionem
639 3261 893 3347 divisionemque
909 3266 966 3347 est,
979 3264 1078 3328 veris·
1098 3277 1134 3326 30

62 3351 143 3416 sime
174 3350 446 3436 subtilissimeque
475 3351 593 3416 dixisse
620 3348 784 3434 putandus
814 3354 871 3414 est
910 3350 970 3413 illa
993 3350 1079 3414 enim

134 3530 210 3592 lpr.
230 3521 306 3591 qnod
325 3536 375 3577 om.
394 3521 427 3576 8¹
469 3529 570 3579 aveto
588 3521 682 3579 ΜΤ
725 3539 782 3577 non
799 3521 1020 3576 ambulationem
1040 3521 1078 3575 E¹

63 3600 78 3649 7
96 3593 209 3650 falsitas
229 3597 378 3662 (suprascr.
398 3592 445 3646 vel
462 3593 649 3662 mendacium)
669 3593 692 3647 Τ
743 3597 819 3648 e.10
837 3608 909 3660 quae
923 3608 1026 3647 -con
1048 3608 1076 3647 o·

61 3665 178 3721 sitiones
196 3680 256 3735 epo:
277 3669 377 3732 qua-
392 3662 593 3732 compositione
613 3663 669 3733 ΒΕ,
688 3679 790 3731 qua-
802 3662 1002 3731 compositione
1022 3609 1075 3716 iE

61 3743 93 3791 11
114 3731 355 3806 signifieatinis'l
437 3731 595 3788 daom.T¹
678 3739 711 3787 13
731 3731 767 3785 ad
786 3748 837 3786 om.
857 3731 960 3786 ΒΜ]1
1043 3737 1078 3786 24

60 3808 108 3863 alt.
129 3806 174 3862 est
191 3804 289 3863 crn.F¹
361 3807 395 3857 29
415 3801 596 3871 simpliterT
