2386 4342
106 217 149 284 74
452 214 765 273 suovuuauoimo

106 385 232 449 semper
259 366 309 430 est
333 368 365 431 et
386 362 422 428 in
444 384 509 447 quo
532 363 575 427 ait
597 361 720 427 dietum
741 381 809 427 non
833 358 912 446 eet),
934 363 1046 426 tamon
1068 360 1118 427 in-

105 446 235 539 tellegit
264 452 416 537 quiddam
444 454 477 516 et
504 451 606 537 ipsius
630 449 720 516 verbi
743 448 981 535 significatione
1003 449 1121 516 nititur

108 546 141 608 et
168 542 205 606 in
232 563 271 606 ea
298 541 468 609 constituit
489 540 692 609 intellectum
715 542 748 604 et
770 538 921 623 quiescit,
948 541 985 604 ut
1009 537 1050 603 ad
1074 539 1121 602 in·

107 629 330 714 tollegentiam
352 630 440 695 ultio
463 627 546 693 nihil
570 631 705 714 quaerat
727 626 870 712 omnino,
894 627 978 692 sieut
999 626 1065 691 fuit
1087 626 1123 692 in

74 719 251 787 anomine.
306 717 576 805 quemadmodum
608 718 694 783 enim
724 715 1044 819 nomenouiusdam
1076 715 1123 781 rei

97 807 468 985 ‘titillltiittz
488 811 626 961 illisi
643 807 1122 979 timiditatem&

111 986 166 1051 sed
194 986 327 1053 alterius
356 987 502 1052 subiecto
526 989 559 1049 et
581 982 820 1070 quodammodo
842 981 1055 1049 fundamento
1078 982 1123 1047 ni·

109 1075 217 1143 tentis.
267 1079 318 1141 est
353 1075 406 1139 hio
443 1074 599 1158 quaestio.
648 1095 715 1139 non
752 1072 838 1137 enim
874 1092 986 1136 verum
1022 1070 1125 1137 videri

58 1179 92 1229 10
110 1165 220 1246 potest
242 1160 328 1247 quod
351 1162 411 1227 ait:
445 1161 655 1227 constituit
676 1161 776 1225 enim
800 1160 863 1245 qui
885 1159 984 1225 dicit
1005 1159 1123 1225 intel·

109 1251 253 1315 lectum
287 1252 325 1314 et
356 1249 420 1335 qui
451 1247 560 1313 audit
592 1249 770 1333 quiescit.
820 1270 896 1314 nam
928 1269 1034 1332 neque
1067 1248 1123 1334 qui

111 1337 191 1403 dicit
218 1339 387 1404 constituit
414 1336 616 1402 intellectum
643 1359 748 1422 neque
776 1339 832 1423 qui
860 1337 950 1402 audit
979 1337 1124 1421 quiescit

112 1425 202 1491 deest
231 1427 319 1492 enim
349 1425 502 1510 quiddam
532 1427 672 1492 sermoni
702 1427 753 1491 vel
782 1427 920 1491 nomini:
954 1429 992 1490 ut
1016 1424 1125 1510 siqui

112 1515 198 1582 dieat
225 1513 421 1600 Sostratae,
448 1536 525 1580 mox
553 1515 712 1581 audientis
740 1515 869 1583 animus
890 1513 1027 1601 requirit
1096 1513 1125 1579 'd

61 1601 320 1671 1oSecrates‘?
356 1604 477 1670 faoitne
509 1603 631 1688 aliquid
664 1626 706 1669 an
737 1602 883 1688 patitur?
921 1606 953 1668 et
981 1624 1005 1668 n
1072 1624 1126 1669 um

111 1693 271 1787 audientis
298 1694 481 1760 intellectus
511 1693 638 1778 quietus
667 1697 729 1776 est,
762 1714 835 1758 oum
862 1692 980 1758 horum
1004 1690 1128 1778 aliquid

110 1785 255 1871 requirit.
296 1787 329 1849 et
351 1783 387 1848 in
409 1783 510 1847 verbo
532 1782 618 1847 idem
641 1787 703 1848 est:
727 1803 800 1848 oum
823 1780 894 1846 dieo
918 1781 1032 1866 legit,
1055 1779 1127 1869 quis

112 1872 214 1954 legat,
246 1872 374 1936 animus
403 1871 564 1941 audientis
592 1871 736 1954 inquirit
787 1868 932 1937 nendum
962 1889 1042 1954 ergo
1071 1868 1128 1954 qui

114 1957 193 2022 dioit
214 1959 386 2024 constituit
408 1959 608 2023 intellectum
630 1980 692 2027 neo
713 1959 770 2043 qui
788 1958 880 2024 audit
898 1958 1044 2043 quiesoit.
1073 1956 1129 2023 sed

58 2062 96 2112 eo
116 2046 157 2111 ad
184 2046 246 2112 hoe
273 2046 528 2113 Aristotelem
556 2047 721 2112 rettulisse
747 2046 927 2130 putendum
956 2050 1020 2131 eet,
1052 2068 1130 2135 quo·

113 2135 202 2200 niam
230 2136 367 2225 quilibet
394 2134 528 2201 audiens
556 2157 629 2203 eum
657 2135 907 2223 signifioativam
937 2157 1050 2201 vocem
1077 2155 1129 2200 ee·

112 2225 198 2309 perit
224 2226 346 2313 auimo,
379 2226 448 2290 eius
476 2225 703 2310 intellegentia
724 2224 862 2290 nitetur:
895 2229 933 2290 ut
956 2246 1029 2295 eum
1053 2224 1128 2309 quia

114 2314 205 2377 audit
230 2315 356 2398 homo,
385 2314 462 2399 quid
485 2315 528 2380 sit
550 2314 613 2379 hoe
634 2315 743 2400 ipsum
767 2313 853 2399 quod
876 2313 994 2398 aeeipit
1016 2315 1128 2379 mente

114 2401 345 2484 conprehendit
376 2403 608 2487 constituitque
640 2403 750 2467 animo
784 2402 913 2467 audisse
944 2424 978 2467 se
1007 2398 1131 2473 enimet

59 2503 96 2553 ao
115 2488 275 2553 rationale
297 2492 443 2555 mortale.
490 2491 519 2555 si
541 2490 613 2575 quis
637 2512 715 2555 vero
736 2490 921 2556 huiusmodi
943 2511 1058 2557 vetem
1079 2510 1132 2557 ee·

115 2576 214 2661 perit,
244 2599 326 2661 quae
348 2576 431 2642 nihil
454 2578 587 2647 omnino
611 2577 773 2665 designet,
797 2580 923 2645 animus
947 2580 1016 2644 eius
1039 2578 1132 2647 null·

116 2664 353 2749 signifieatione
384 2686 491 2753 neque
521 2665 746 2751 intellegentia
777 2668 949 2734 roboratus
976 2670 1066 2739 errae
1091 2686 1132 2741 ae

115 2752 253 2819 vertitur
288 2775 348 2820 neo
384 2753 461 2818 ullis
498 2754 733 2841 designationis
770 2757 888 2826 linibus
921 2755 1133 2841 conquieuit

62 2945 98 2997 a
116 2840 1168 3035 titii§tltiiltffihlltthzitlillita.5

115 3019 317 3092 intelleotum
355 3019 603 3108 audientemque
634 3021 805 3106 quiescere,
860 3022 916 3089 aed
943 3018 1168 3089 huiusmodi-²¹·

117 3109 264 3191 quaestio
293 3110 335 3174 ab
358 3108 526 3192 Aspasio
552 3110 721 3194 proposita
744 3114 793 3176 est
816 3111 858 3176 ab
882 3109 1059 3196 eodemque
1080 3128 1135 3177 ue·

118 3196 234 3261 soluta.
278 3199 454 3282 postquam
485 3197 585 3283 igitur
616 3198 854 3266 Aristoteles
888 3197 1063 3273 seeundum
1095 3218 1152 3273 ης

188 3337 341 3390 1nonest
385 3335 488 3463 ww
504 3338 547 3406 (iu
563 3337 618 3420 itque
635 3337 776 3420 oereuaiS
849 3338 918 3392 4lit
934 3337 954 3392 b
1000 3341 1035 3393 10
1053 3294 1149 3399 amul

116 3419 167 3460 em.
188 3405 225 3458 Τ1
298 3412 332 3462 18
377 3424 413 3463 on
528 3413 562 3462 m
581 3408 847 3480 intellegentiam'l'
919 3406 1058 3464 mtiturh
1102 3422 1119 3451 ··
1137 3422 1149 3435 ·

117 3479 160 3532 25.
179 3481 213 3530 26
232 3477 357 3548 repperit
375 3478 412 3532 Τ1
467 3486 501 3535 27
520 3481 582 3535 erat
601 3478 675 3534 S¹E¹
729 3485 763 3535 28
782 3479 877 3534 nullus
896 3483 1047 3549 (ulcerasse
1063 3476 1091 3549 i>
1128 3512 1141 3543 ·‚

61 3526 146 3639 ἱ,
