2386 4342
122 189 166 254 94
471 187 642 244 SECVNDA
659 186 785 243 EDI'I'IO

126 338 175 400 est
188 334 356 418 naturalis,
370 337 408 399 ut
421 333 514 421 oculi.
538 332 650 398 eodem
665 354 792 417 quoque
807 331 903 398 modo
918 331 1049 397 auditus
1062 354 1142 398 cum

123 425 283 490 naturalis
307 424 363 506 sit,
387 444 480 488 aures
503 421 613 505 nobis,
636 442 718 506 quae
742 425 819 486 sunt
842 419 993 487 audiendi
1016 422 1140 487 instru-

122 516 245 595 menta,
280 510 473 576 naturaliter
509 509 603 574 datas
640 531 710 574 esse
747 510 982 594 cognoscimus.
1036 531 1141 595 quare

121 600 276 683 quoniam
299 598 402 664 oratio
427 598 467 663 ad
489 599 655 681 placitum,
677 618 745 664 non
766 597 959 663 naturaliter
977 602 1028 662 est
1047 597 1139 684 (par-

86 690 170 753 otes
199 688 285 752 enim
312 687 521 753 manifestum
549 689 600 751 est
627 686 782 752 orationis
806 686 847 752 ad
870 686 1026 771 placitum
1048 687 1137 771 posi-

121 779 186 860 tas,
215 797 298 861 quae
325 780 403 841 sunt
431 775 555 841 sufficet
581 775 682 841 verba
704 779 738 840 et
761 775 909 859 nomina,
938 775 1023 841 mont
1044 797 1140 840 mon·

121 868 205 930 strat
224 864 308 949 apud
326 886 438 931 omnes
458 868 571 951 gentes
590 863 758 929 diversitas
777 861 1039 951 vocabulorum:
1058 886 1139 949 quo·

119 954 206 1018 niam
234 975 311 1039 ergo
338 975 396 1038 per
418 953 499 1019 haec
521 953 698 1018 secundum
721 953 877 1037 placitum
900 952 1005 1017 omnis
1029 953 1137 1018 oratio

120 1063 191 1108 esse
214 1045 427 1124 monstratur,
454 1042 539 1126 quod
562 1045 671 1106 autem
694 1040 868 1106 secundum
892 1040 1050 1124 placitum
1073 1045 1134 1124 est,

68 1145 102 1194 10
120 1151 187 1195 uon
215 1135 265 1194 est
293 1129 468 1194 secuudum
490 1134 653 1194 naturam:
687 1151 755 1194 non
778 1134 829 1194 est
852 1150 929 1215 ergo
953 1129 1059 1194 oratio
1083 1152 1134 1195 su·

119 1217 234 1299 pellex.
268 1217 468 1302 significandi
493 1217 580 1281 enim
603 1217 687 1281 ratio
711 1221 809 1302 atque
832 1221 977 1302 potestas
1000 1220 1135 1284 natura·

119 1304 194 1370 liter
216 1308 275 1370 est.
320 1305 406 1388 quod
430 1305 458 1368 si
481 1305 585 1370 oratio
608 1306 800 1370 naturaliter
821 1327 888 1371 non
911 1310 1060 1389 estnon
1083 1310 1134 1372 est

120 1393 274 1476 supellex.
326 1392 379 1458 his
410 1392 546 1477 aliisque
577 1392 735 1459 similibus
768 1398 930 1459 monstrat
960 1415 1028 1459 non
1060 1416 1134 1460 esse

119 1480 351 1564 supellectilem
374 1480 562 1547 orationem.
598 1482 749 1566 quocirca
772 1482 942 1547 dicendum
963 1483 1059 1549 nobis
1083 1488 1134 1549 est

67 1584 100 1635 15
118 1570 312 1636 naturaliter
334 1569 464 1655 quidem
485 1591 546 1636 nos
576 1591 648 1635 esse
675 1571 803 1636 vocales
831 1575 1046 1656 potentesque
1074 1594 1134 1637 na·

118 1660 266 1724 turaliter
288 1659 446 1725 vocabula
467 1659 564 1724 rebus
587 1658 790 1745 inprimendi,
813 1682 881 1726 non
903 1663 1014 1724 tamen
1035 1664 1131 1726 natu·

117 1749 229 1814 taliter
257 1748 505 1834 significativos,
533 1748 589 1814 sed
612 1748 787 1832 positione:
816 1749 900 1814 sicut
923 1748 1043 1813 artium
1067 1750 1132 1815 sin·

119 1837 268 1919 gularum
290 1837 484 1901 naturaliter
508 1858 618 1902 sumus
643 1837 882 1919 susceptibiles,
906 1837 963 1901 sed
987 1858 1043 1903 eas
1065 1858 1134 1903 nou

117 1925 310 1987 naturaliter
326 1923 492 2006 habemus,
511 1923 567 1989 sed
586 1924 734 1989 doctrina
751 1926 964 2009 concipimus:
985 1925 1035 1990 ita
1053 1947 1134 2012 ergo

65 2023 100 2073 20
119 2031 182 2075 vox
205 2010 335 2097 quidem
358 2012 550 2077 naturaliter
572 2015 633 2097 est,
655 2011 712 2076 sed
729 2033 787 2095 per
808 2035 916 2079 vocem
935 2014 1132 2098 significatio

49 2111 102 2164 324
120 2120 186 2165 non
209 2099 410 2165 naturaliter.
443 2121 547 2184 neque
566 2101 654 2165 enim
671 2122 735 2165 vox
753 2100 824 2166 sola
841 2107 892 2166 est
908 2123 1028 2168 nomen
1048 2102 1053 2186 ί
1074 2105 1133 2169 aut

118 2189 266 2274 verbum,
300 2189 355 2255 sed
387 2210 449 2254 vox
482 2189 622 2275 quadam
654 2189 765 2255 addita
797 2190 1043 2275 significatione.
1098 2192 1132 2257 et

117 2278 200 2344 sicut
231 2279 424 2345 naturaliter
455 2283 505 2344 est
536 2279 674 2362 moveri,
707 2280 825 2345 saltare
853 2300 930 2344 vero
960 2279 1131 2345 cuiusdam

116 2365 181 2429 iam
210 2366 336 2431 artificii
363 2370 396 2431 et
418 2368 604 2451 positionis,
632 2372 665 2433 et
688 2367 958 2452 quemadmodum
981 2389 1036 2433 aes
1060 2368 1130 2454 qui·

64 2462 98 2512 ab
117 2452 191 2517 dem
217 2454 409 2518 naturaliter
435 2458 498 2535 est,
531 2460 640 2520 statua
667 2478 743 2522 vero
771 2456 932 2539 positione
961 2460 1018 2521 aut
1046 2460 1131 2524 arta:

117 2541 164 2604 ita
187 2562 313 2625 quoque
335 2541 536 2624 possibilitas
556 2543 685 2626 quidem
703 2545 774 2628 ipsa
792 2544 997 2629 significandi
1015 2550 1050 2610 et
1066 2564 1130 2611 vox

117 2628 276 2693 naturalis
309 2631 371 2712 est,
404 2629 599 2714 significatio
626 2652 701 2696 vero
729 2653 788 2715 per
814 2654 925 2697 vocem
957 2632 1131 2717 positionis

117 2721 176 2800 est,
198 2738 266 2782 non
287 2720 431 2782 naturae.
477 2716 633 2784 hactenus
656 2719 787 2804 quidem
809 2721 848 2786 de
871 2721 1035 2787 communi
1058 2742 1130 2788 errare¹
1171 2768 1177 2815 ;

116 2806 205 2870 tione
229 2806 355 2870 locutus
379 2809 437 2889 est,
459 2828 546 2872 nunc
570 2811 678 2873 autem
701 2810 821 2874 transit
844 2809 885 2873 ad
906 2809 1029 2894 species
1047 2810 1130 2877 ciues
1163 2860 1177 2893 3,

62 2904 97 2955 30
116 2894 163 2959 ait
186 2893 286 2959 enim:
1160 2898 1176 2981 ζ,

188 3024 202 3072 1
222 3019 254 3072 ur
271 3017 414 3072 cerasum
432 3017 539 3072 sums
643 3017 760 3090 esicus]
780 3020 845 3073 sune
863 3018 882 3073 s
901 3021 979 3087 (cerr.
999 3018 1043 3089 sp
1134 2990 1177 3075 ὃ*

116 3094 139 3142 7.
160 3093 176 3142 8
196 3088 330 3157 quoniam
348 3088 398 3143 dcl.
418 3085 455 3139 El
527 3089 698 3157 8ergodet.
719 3088 760 3157 θ’,
783 3089 874 3143 ΜΗ
948 3095 990 3144 10.
1009 3095 1151 3161 Πωμ-

115 3159 208 3227 pellex
227 3159 317 3215 oratio
336 3159 360 3213 Τ
451 3164 485 3213 13
504 3157 679 3228 simplicibus
699 3158 863 3229 SFEG¹N‚
891 3160 1066 3230 simplicibus
1083 3170 1150 3225 ruf*

114 3228 239 3284 tionibus
257 3229 302 3297 Sl,
331 3228 449 3296 similib3
468 3227 603 3296 rationib3
622 3228 659 3282 E'
735 3232 894 3286 monstrant
911 3230 948 3285 Τι
1030 3237 1074 3289 1⁸.v
1136 3226 1149 3257 '⁵

116 3317 195 3368 supp.
215 3316 271 3355 nou
290 3301 392 3355 esseT
466 3306 498 3354 17
519 3299 591 3354 siout
609 3316 675 3369 ergo
695 3300 754 3356 S’F
814 3307 847 3356 19
867 3301 1024 3357 doctrinam
1107 3298 1117 3315 '

116 3368 251 3438 pimusT
323 3386 393 3439 ergo⁴
407 3371 457 3426 del.
479 3369 512 3426 Sl
588 3377 623 3424 24
642 3371 742 3427 artifici
759 3372 797 3427 Ε1
869 3377 903 3427 27
922 3371 1047 3429 naturali
1064 3370 1093 3431 S:

37 3492 41 3495 .
116 3441 181 3496 add.
201 3438 253 3508 Sl),
272 3440 456 3495 naturaliter?
1085 3442 1129 3475 '¹¹¹‘
