2386 4342
105 206 148 273 68
452 203 624 262 SECVNDA
642 203 767 260 EDITIO

106 375 181 418 nem
204 352 361 437 temporis
380 351 595 436 praedicatur.
628 350 685 415 sed
702 353 877 434 postquam
895 346 1031 412 verbum
1050 324 1125 413 con·

108 442 289 528 significare
313 445 442 525 tempus
463 439 617 524 ostendit,
639 438 673 503 id
691 438 778 524 quod
797 459 896 522 supra
914 437 981 502 iam
999 434 1127 501 dixerat

105 532 241 597 verbum
265 550 393 613 semper
420 529 459 593 de
483 529 587 594 altero
610 526 805 612 praedicari,
835 525 869 591 id
896 545 982 591 nunc
1005 544 1127 592 memo·

107 621 185 684 riter
219 616 490 703 quemadmodum
523 617 728 701 praedicatur
758 615 909 681 ostendit.
954 613 1003 678 uit
1025 615 1127 679 enim:

72 711 146 774 oet
168 727 317 790 semper
340 727 470 771 eorum
494 727 590 792 quae
614 705 657 770 de
681 705 806 770 altero
830 703 1012 769 dicuntur
1034 706 1128 768 nota

108 798 181 880 est,
203 798 244 860 ut
267 816 512 881 eorumquae
532 794 577 860 de
597 794 776 859 subiecto
795 792 855 857 vel
874 793 913 857 in
932 791 1129 877 subiecto,

108 885 170 951 hoe
199 885 324 951 scilicet
351 885 475 950 dicens:
509 885 556 949 ita
587 883 721 948 verbum
745 881 909 967 signifieat
931 879 1069 966 aliquid,
1092 885 1128 947 ut

108 974 141 1040 id
172 975 260 1060 quod
293 974 456 1059 signifieat
484 975 523 1040 de
551 973 654 1038 altero
682 971 899 1055 praedicetur,
931 969 988 1034 sed
1016 969 1066 1034 ita
1093 973 1129 1035 ut

109 1064 266 1129 accidens.
313 1084 408 1127 omne
436 1083 576 1146 namque
606 1059 754 1126 accidens
782 1063 816 1124 et
842 1059 878 1124 in
905 1057 1053 1123 subiecto
1077 1062 1127 1124 est

58 1170 91 1219 10
110 1155 144 1216 et
166 1150 206 1215 de
230 1149 376 1214 subiecta
399 1150 462 1213 sibi
487 1149 670 1214 substantia
692 1148 906 1232 praedicatur.
950 1168 1029 1211 nam
1053 1168 1127 1213 cum

111 1238 182 1303 dico
215 1237 349 1319 currit,
381 1237 415 1302 id
447 1236 486 1301 de
512 1236 644 1302 homine
672 1236 700 1300 si
727 1237 775 1301 ita
807 1236 946 1320 contigit
975 1236 1127 1319 praedico

112 1326 236 1392 scilicet
258 1326 298 1390 de
317 1326 461 1390 subiecto
482 1325 602 1408 etipse
622 1346 733 1389 cursus
752 1326 786 1388 in
806 1325 937 1390 homine
956 1328 1016 1408 est,
1040 1324 1125 1390 unde

112 1415 246 1480 verbum
270 1414 392 1479 currit
415 1413 568 1478 inflexum
593 1416 651 1478 est
687 1434 764 1498 ergo
788 1414 874 1499 quod
897 1413 976 1478 dicit
998 1434 1126 1498 semper

113 1525 222 1569 eorum
247 1524 318 1568 esse
338 1507 451 1568 notum
470 1503 604 1567 verbum
623 1523 705 1586 quae
723 1501 762 1566 de
781 1503 883 1568 altero
902 1501 1128 1586 praedicentur

62 1611 94 1661 15
112 1593 175 1658 hoc
204 1596 376 1658 monstrat:
411 1592 545 1657 verbum
573 1590 751 1655 accidentia
779 1613 907 1675 semper
934 1591 1128 1676 significare,

113 1683 265 1769 quoniam
298 1684 345 1747 ait
377 1704 431 1747 eas
466 1703 517 1746 res
549 1679 640 1744 verbi
678 1679 913 1762 significatione
950 1679 1127 1745 monstrari

112 1795 193 1856 quae
216 1772 267 1837 vel
291 1772 326 1836 in
349 1771 494 1836 subiecto
514 1772 624 1834 essent
642 1770 693 1833 rel
712 1768 751 1833 de
769 1768 916 1834 subiecto
935 1768 1128 1834 dicerentur.

111 1862 161 1925 re]
188 1864 274 1925 certe
297 1864 334 1923 ut
357 1861 400 1923 sit
423 1859 505 1923 alius
528 1859 726 1940 intellectus,
750 1859 902 1942 quoniam
926 1857 1012 1922 solet
1033 1856 1128 1923 indii·

111 1946 252 2011 ferenter
275 1947 322 2010 uti
346 1947 384 2010 de
408 1948 553 2012 subiecto
576 1945 768 2031 praedicari,
790 1949 959 2031 tamquam
987 1946 1016 2010 si
1044 1946 1130 2012 dicat

61 2053 95 2103 1ο
114 2034 149 2100 in
173 2034 318 2100 subiecto
347 2056 434 2118 esse,
465 2039 499 2098 et
522 2056 618 2119 saepe
642 2054 714 2096 curn
738 2033 816 2098 dicit
837 2035 877 2100 de
900 2034 1048 2100 subiecto
1072 2034 1128 2100 ali·

114 2124 191 2210 quid
213 2122 395 2208 praedicari
418 2124 452 2188 in
475 2124 621 2189 subiecto
645 2141 715 2185 esse
740 2122 909 2208 significat,
933 2144 1006 2187 cum
1030 2124 1128 2189 vellet

112 2214 281 2280 ostendere
305 2212 519 2279 accidentium
543 2209 812 2298 significationem
832 2212 991 2277 contineri
1010 2210 1128 2295 verbis,

112 2305 159 2369 ait
186 2326 223 2367 ea
252 2325 379 2389 semper
407 2303 570 2389 designari
600 2299 708 2367 verbis
741 2322 838 2383 quae
872 2300 915 2366 de
949 2300 1128 2367 subiecto

113 2396 229 2455 essent.
275 2392 332 2456 sed
358 2393 513 2475 quoniam
540 2391 602 2455 hoo
630 2388 799 2453 videbatur
827 2389 1008 2471 obscurius,
1039 2393 1129 2474 patc-

60 2491 94 2542 11
112 2478 189 2543 fecit
217 2478 328 2544 addito
357 2480 418 2543 vel
444 2481 484 2543 in
513 2478 705 2559 subiecto,
733 2481 770 2541 ut
791 2477 868 2562 quid
891 2481 979 2542 esset
1001 2477 1040 2542 de
1064 2498 1127 2564 quo

114 2589 213 2650 supra
244 2567 370 2631 dixerat
401 2566 444 2630 de
478 2566 654 2630 subiecto
692 2571 865 2648 exponeret
897 2588 970 2631 cum
1003 2564 1128 2633 eddidit

113 2656 174 2721 rel
192 2656 231 2720 in
250 2655 438 2719 subiecto:
461 2657 629 2737 tamquam
645 2652 759 2734 [enim]
775 2655 804 2719 si
822 2656 870 2719 ita
888 2654 1038 2719 dixisset:
1056 2676 1129 2721 rer·

114 2745 191 2808 bum
219 2743 348 2828 quidem
376 2763 502 2826 semper
524 2764 636 2808 eorum
659 2745 739 2807 nota
761 2747 823 2826 est,
856 2765 937 2827 quae
960 2742 1000 2808 (16
1024 2744 1127 2809 altero

113 2833 342 2917 praedicantur
373 2831 533 2916 subiecto,
557 2833 613 2897 sed
645 2852 687 2896 ne
719 2831 782 2897 hoe
813 2830 953 2897 fortasse
987 2832 1129 2916 cuipiam

60 2923 260 2991 obsideatur
284 2920 461 3003 obscurius,
485 2920 547 2986 hoc
571 2922 642 2987 dico
667 2940 738 2984 esse
761 2919 804 2983 de
828 2920 1019 3003 subiecto,
1042 2918 1130 3007 quod
1160 2916 1171 2997 i

114 3016 164 3077 est
187 3032 257 3077 esse
280 3009 321 3073 in
343 3007 529 3075 subiecto.
571 3011 622 3076 vel
645 3007 759 3074 melior
781 3007 862 3073 haec
885 3008 1045 3092 expositio
1069 3010 1130 3095 661,
1154 3004 1171 3079 ζ’

116 3100 144 3164 61
168 3099 317 3165 similiter
341 3119 413 3163 eum
437 3098 556 3165 dixisse
580 3099 783 3179 arbitremur,
806 3099 973 3182 tamquam
997 3097 1025 3162 si
1048 3096 1158 3165 dico·

186 3209 202 3255 3
222 3201 296 3257 idem
315 3203 355 3258 ed.
370 3204 461 3272 princ.
540 3210 558 3258 4
576 3199 750 3274 praedicitur
767 3196 786 3251 S
805 3201 885 3269 (corr.
905 3199 947 3269 8¹)
966 3200 990 3255 Ε
1007 3198 1132 3271 (6166111-
1154 3198 1157 3203 ’

116 3274 194 3327 cetur
211 3273 258 3342 ΕΙ)
331 3274 455 3330 ostendit
472 3291 523 3330 om.
542 3274 605 3334 F¹.
652 3274 684 3324 11
706 3266 844 3338 contingit
860 3264 896 3323 F¹
967 3276 1001 3326 lo
1019 3270 1133 3343 aliquid

114 3343 271 3411 praedicari
288 3345 326 3398 E*
397 3351 512 3401 15-27
532 3339 755 3399 nt-subiccto
773 3356 823 3395 om.
844 3339 876 3394 8¹
952 3347 987 3396 15
1007 3342 1043 3397 (16
1080 3344 1151 3399 uo'

116 3414 209 3480 quode
281 3423 316 3473 26
336 3417 370 3472 de
389 3418 453 3474 add.
474 3414 556 3482 S³F²,
575 3429 626 3468 orn.
645 3411 727 3466 ceteri
785 3416 819 3465 21
838 3411 1041 3470 enimuaeiee'
1138 3422 1144 3429 ·

116 3488 150 3537 29
168 3488 200 3541 ut
218 3487 253 3543 (16
272 3488 344 3544 subi.
363 3487 437 3542 ΒΨ
508 3479 747 3539 3166666111ι
