2386 4342
107 196 151 262 64
455 191 625 247 saevum
644 190 768 247 sorno

107 344 165 407 aut
177 339 303 405 falsitas
318 339 413 405 cadit.
436 337 550 423 siquis
569 358 646 422 ergo
661 336 748 402 dicat
766 333 927 401 Catonis
946 339 1019 419 est,
1037 356 1123 402 non-

107 428 184 494 dum
206 429 304 514 plena
327 425 490 492 sententia
513 429 571 492 est.
599 425 676 510 quid
695 425 781 490 enim
800 425 843 489 sit
866 422 1029 491 Catonis
1053 446 1123 492 non

107 519 233 584 dicitur.
265 519 361 600 atque
381 514 492 580 eodem
512 515 607 585 modo
627 511 767 580 Catoni
786 517 846 579 est
864 514 916 579 vel
936 510 1124 579 Catonem

107 611 175 672 est.
221 606 256 670 in
287 604 338 669 his
363 624 455 689 ergo,
485 604 641 688 quoniam
672 625 745 668 cum
778 606 838 667 est
869 603 921 667 vel
951 623 1032 669 non
1064 608 1125 669 est

72 695 218 763 ciuncta
245 692 501 774 enuntiationem
528 714 595 757 non
621 692 806 777 perficiunt,
839 694 890 757 est
916 690 1079 776 quaedam
1103 715 1124 758 a

83 782 239 848 nomine
262 781 487 866 discrepantia,
510 803 706 867 quamquam
728 781 796 846 sint
818 781 943 847 nomini
961 781 1055 845 omni
1072 781 1125 846 de-

107 872 255 938 finitione
279 872 459 937 coniuncta.
496 892 617 956 magna
634 872 685 936 est
699 871 786 935 enim
801 869 1023 954 discrepantia
1037 871 1124 955 quod

106 965 229 1028 rectum
251 983 372 1027 nomen
394 982 467 1025 curn
491 963 550 1025 est
573 959 718 1025 iunctum
741 957 919 1043 perfectam
941 959 1123 1024 orationem

106 1050 200 1130 facit,
229 1050 353 1133 obliqui
376 1070 470 1114 casus
492 1049 713 1133 inperfectam.
759 1046 845 1131 quod
868 1050 978 1113 autem
1000 1046 1124 1114 dietum

58 1157 90 1207 ιο
109 1143 158 1204 est
185 1138 333 1221 obliquos
361 1158 454 1202 casus
483 1158 556 1201 cum
585 1138 635 1201 est
657 1137 757 1201 verbo
784 1137 911 1201 iunctos
940 1136 1123 1202 orationem

108 1226 285 1311 perfectam
308 1246 375 1289 non
397 1224 513 1309 facere,
535 1245 603 1290 non
622 1224 758 1289 dicimus
777 1224 929 1308 quoniam
944 1246 1017 1290 cum
1031 1226 1122 1292 nullo

107 1314 208 1381 verbo
233 1313 356 1398 obliqui
380 1334 472 1378 casus
496 1313 675 1398 iunguntur
693 1313 749 1396 ita,
772 1317 809 1378 ut
822 1313 906 1378 nihil
920 1313 1123 1400 indigentem

109 1403 276 1488 perficiant
290 1401 481 1468 orationem.
512 1424 585 1468 cum
609 1401 695 1466 enim
718 1401 788 1468 dico
812 1399 1010 1468 Socratem
1032 1425 1123 1488 pae-

109 1491 221 1574 nitet,
245 1490 425 1556 enuntiatio
450 1495 507 1556 est.
545 1490 600 1556 sed
623 1513 690 1557 non
713 1514 787 1558 cum
811 1493 900 1557 omni
923 1492 1039 1577 verbo,
1066 1492 1124 1558 scd

57 1583 237 1647 retentum
268 1603 341 1646 cum
374 1583 432 1646 est
463 1580 514 1645 vel
546 1602 622 1646 non
654 1584 713 1646 est
743 1581 778 1646 hi
806 1603 899 1646 casus
923 1580 1027 1646 iuncti
1049 1604 1123 1666 per-

108 1670 227 1737 fectam
251 1671 429 1736 orationem
453 1671 543 1736 nulla
566 1669 691 1736 ratione
707 1669 917 1735 constituunt.
948 1673 1047 1754 atque
1060 1671 1123 1738 hoo

109 1760 260 1846 estquod
279 1760 337 1824 ait:
362 1756 523 1824 Catonis
548 1762 675 1824 autern
698 1761 758 1824 vel
783 1756 923 1824 Catoni
947 1763 985 1824 et
1007 1781 1123 1843 quae·

109 1869 268 1931 cumque
289 1847 390 1913 talia
412 1851 502 1912 sunt
523 1869 600 1913 non
623 1851 713 1913 eunt
730 1848 903 1931 nomina,
925 1847 992 1913 sed
1010 1870 1124 1915 casus

109 1935 287 2001 nominis.
318 1934 404 1999 unde
427 1935 525 2000 etiam
549 1936 731 2018 discrepare
749 1937 908 2002 videntur.
936 1936 1017 2003 haec
1036 1939 1124 2004 eninr

58 2039 92 2090 20
110 2023 243 2088 nomina
264 2043 332 2088 non
354 2026 519 2090 vocantur.
559 2025 617 2088 illa
640 2025 728 2089 enim
749 2025 868 2091 rectius
891 2024 1045 2091 dicuntur
1067 2049 1124 2093 no-

110 2112 200 2178 mina
233 2133 315 2197 quae
330 2179 333 2184 ,
348 2111 455 2196 prima
486 2112 594 2196 posita
625 2115 702 2179 sunt
732 2112 766 2177 id
797 2118 847 2178 est
879 2136 961 2199 quae
999 2114 1124 2202 aliquid

110 2205 303 2269 monstrant
335 2201 505 2288 genetivus
524 2201 611 2267 enim
634 2223 728 2268 casus
750 2224 818 2268 non
836 2203 967 2288 aliquid,
991 2204 1047 2270 sed
1066 2205 1124 2273 ali·

109 2293 199 2357 cuius
223 2295 255 2356 et
278 2291 403 2356 dativus
427 2291 522 2358 alicui
546 2294 579 2356 et
601 2293 700 2358 ceteri
723 2293 835 2358 eodem
859 2292 964 2357 modo.
1014 2297 1124 2361 rectus

111 2400 186 2443 vcro
216 2381 272 2462 qui
300 2382 350 2444 est
377 2380 500 2462 primus
527 2402 596 2445 rem
624 2385 800 2465 monstrat,
832 2384 869 2445 ut
896 2381 925 2446 si
953 2383 1009 2465 qui
1035 2374 1125 2450 dicat

59 2481 93 2532 aa
113 2463 308 2549 Socrates,
338 2469 434 2550 atque
456 2469 528 2533 ideo
551 2468 605 2533 hic
628 2470 849 2534 nominativus
873 2469 1004 2554 dicitur,
1036 2470 1125 2557 quod

110 2554 253 2621 nominis
276 2553 512 2638 quodammodo
531 2557 619 2621 solus
641 2560 752 2621 teneat
773 2558 840 2623 vim
863 2580 1046 2644 nomenque
1070 2561 1125 2629 aa

111 2647 145 2707 et
172 2642 345 2708 verisimile
374 2646 424 2707 est
451 2665 524 2708 eum
551 2645 607 2728 qui
635 2644 758 2728 primus
788 2648 922 2712 nomina
948 2648 1046 2714 rebus
1073 2649 1124 2717 in·
1153 2702 1157 2711 .

111 2732 222 2815 posuit
238 2733 286 2796 ita
304 2730 435 2796 dixisse:
458 2736 591 2799 vocetur
608 2733 661 2800 hic
679 2734 790 2802 homo
810 2739 843 2801 et
860 2758 971 2802 rursus
989 2741 1125 2805 vocetur

112 2820 166 2885 hic
188 2820 299 2905 lapis.
334 2821 513 2904 posteriore
531 2844 608 2888 vero
631 2845 693 2888 usu
709 2823 833 2890 factum
851 2829 910 2910 est,
933 2826 1022 2891 utin
1039 2826 1122 2895 alior

59 2925 207 2976 occasus
230 2909 381 2995 primitus
403 2911 545 2993 positum
567 2933 687 2978 nomen
710 2912 916 2981 derivaretur.
943 2913 1025 2981 illud
1043 2937 1099 3001 qur

112 3021 173 3085 que
197 3000 302 3065 maius
332 3001 393 3082 est,
425 2999 511 3083 quod
543 3002 648 3067 omnis
681 3023 774 3068 casus
806 3003 948 3069 nominis
985 3003 1100 3071 alicuiu

112 3109 205 3153 casus
229 3091 286 3154 est.
324 3107 401 3171 ergo
424 3088 487 3153 nisi
511 3089 553 3154 sit
575 3112 705 3176 nomen,
727 3092 818 3157 ouius
837 3114 930 3157 casus
950 3093 1002 3176 sit,
1025 3114 1100 3163 casv

183 3242 326 3299 2catonis
345 3244 423 3299 sitT
495 3264 551 3302 non
569 3263 620 3301 om.
638 3247 673 3300 F¹
745 3255 770 3304 3.
789 3256 807 3303 4
826 3250 925 3305 catone
945 3251 1007 3319 (ora.
1026 3252 1065 3307 es'

111 3318 128 3366 5
147 3311 236 3368 iuncti
253 3321 280 3370 et
298 3321 312 3371 7
332 3315 473 3373 coniuncti
490 3319 573 3374 editio
586 3320 718 3388 princepe
803 3326 818 3375 7
838 3319 1056 3391 discrepantiae

110 3383 146 3436 F¹
220 3391 251 3440 13
271 3388 436 3442 socratenF
509 3395 542 3444 21
562 3389 640 3446 alind
658 3390 696 3444 E¹
731 3413 734 3419 ¹
767 3397 800 3446 22
820 3391 1013 3448 demonstrl*

111 3454 252 3522 si'quisF
325 3463 359 3513 29
378 3462 420 3514 est
438 3475 488 3515 om.
506 3460 556 3516 FT
629 3460 737 3518 alioS¹
809 3461 987 3520 occidar
