2386 4342
116 210 157 274 10
461 204 632 262 SECVNDA
649 203 773 260 EDITIO

114 354 328 420 nihilominus
352 351 527 435 disputant.
566 350 622 415 sed
644 350 694 415 illi
716 351 845 435 quidem
868 353 901 413 et
924 350 962 414 de

114 446 148 509 et
176 444 215 509 de
244 463 312 507 non
340 439 481 523 simplici
509 439 654 505 oratione
683 440 883 505 enuntiativa
911 461 974 523 sper

113 531 308 598 Aristoteles
331 549 408 594 vero
436 528 499 593 hoc
526 528 611 594 libro
637 527 719 592 nihil
746 528 809 593 nisi
832 526 870 591 de
894 529 963 592 sola

114 619 317 685 enuntiativa
336 616 482 682 oratione
502 616 695 684 considerat
727 617 918 700 Aspasius
943 639 974 700 qr

80 707 335 773 thlexander
368 705 453 771 sicut
484 707 520 770 iu
551 706 624 771 aliis
654 704 841 771 Aristotelis
872 706 965 770 libris

116 818 244 882 quoque
266 797 517 863 commentarios
540 794 717 878 ediderunt,
740 794 795 859 sed
814 797 974 878 uterquer

115 886 180 950 lem
203 885 241 953 de
265 886 412 951 oratione
430 888 588 950 tractasse
606 885 805 969 pronuntiat.
836 905 913 946 nam
933 884 960 946 si

116 974 237 1060 aliquid
266 975 412 1060 proferre
442 973 499 1060 (ut
528 974 621 1039 aiunt
648 970 726 1057 ipsi)
756 973 961 1055 interpretari

114 1063 381 1146 interpretatione
408 1063 491 1127 liber
516 1063 670 1127 nimirum
696 1062 797 1126 veluti
825 1061 971 1125 decreti

64 1165 96 1215 10
116 1151 256 1235 scriptus
289 1153 352 1234 est,
386 1150 480 1235 quasi
511 1171 587 1215 vero
621 1150 691 1213 sola
723 1151 827 1214 oratio
860 1170 898 1212 ac
929 1170 972 1213 no

115 1261 242 1325 quoque
274 1241 308 1304 ct
337 1239 471 1303 nomina
501 1237 780 1321 interpretationis
811 1236 968 1301 vocabulo

114 1327 242 1392 dantur.
278 1349 379 1411 acque
402 1348 543 1412 namque
566 1330 599 1391 et
621 1325 725 1402 oratio
749 1327 782 1390 et
804 1323 904 1388 verba
927 1345 964 1387 ao

115 1438 197 1501 quae
221 1419 296 1482 sunt
318 1415 596 1499 interpretationis
620 1413 795 1495 elementa,
817 1412 949 1476 nomine
971 1436 974 1476 :

30 1520 96 1570 ,101
115 1505 251 1570 tationis
272 1508 277 1584 Ι
296 1508 463 1570 vocantur.
496 1503 552 1568 sed
566 1501 785 1567 Alexander
806 1500 930 1565 addidit
952 1502 974 1565 ir

64 1608 98 1658 10
117 1615 186 1659 sese
208 1593 329 1658 habere
355 1592 432 1657 libri
459 1593 605 1657 titulum:
637 1590 850 1675 nequeenim
874 1591 974 1675 desigr

116 1704 181 1768 qua
204 1683 351 1749 oratione
373 1681 608 1765 perscripserit.
640 1680 761 1744 multae
778 1700 917 1763 namque
938 1677 974 1763 (u

96 1771 180 1856 est)
204 1771 481 1855 sunt'orationes3
504 1769 560 1834 sed
584 1767 787 1834 adiciendum
809 1767 861 1832 vel
880 1769 974 1832 subin

117 1859 193 1924 dum
215 1863 310 1943 putat
332 1858 372 1923 de
395 1858 542 1922 oratione
560 1858 655 1922 illum
675 1857 814 1923 scribere
832 1857 974 1940 philosop

117 1946 286 2012 dialectica
304 1947 337 2010 id
357 1949 415 2029 est,
438 1967 502 2030 qua
520 1968 632 2011 verum
650 1945 834 2030 falsumque
851 1945 958 2009 valeat

63 2050 97 2100 00
116 2035 172 2102 sed
205 2036 261 2121 qui
293 2035 393 2100 semel
423 2035 526 2100 solam
556 2035 736 2100 orationem
765 2035 974 2116 interpretati

115 2125 201 2189 mine
224 2123 334 2191 vocari
357 2122 480 2207 recipit,
503 2123 539 2187 in
561 2123 728 2188 intellectu
751 2143 878 2208 quoque
896 2121 974 2205 ipsit

115 2214 238 2298 ptionis
267 2212 396 2278 erravit.
451 2233 508 2277 cur
540 2212 626 2278 enim
655 2215 785 2295 putaret
814 2210 974 2294 inperfect

115 2303 256 2385 titulum,
281 2300 434 2386 quoniam
456 2301 540 2366 nihil
563 2300 602 2367 de
626 2302 853 2387 quaeratione
872 2300 974 2384 disput

116 2389 250 2454 iecerit?
282 2397 320 2454 ut
348 2389 376 2452 si
404 2390 475 2474 quis
503 2391 709 2475 interrogans
737 2390 815 2475 quid
838 2388 974 2453 esthon

64 2493 97 2542 25
116 2478 330 2562 respondente
360 2477 480 2544 animal
510 2478 618 2562 culpet
648 2500 685 2542 ac
715 2479 802 2559 dicat
832 2475 974 2557 inpar-fec

116 2566 251 2651 dixisse,
278 2565 355 2651 quid
379 2565 436 2648 sit,
463 2568 618 2652 quoniam
639 2589 707 2632 non
730 2567 774 2630 sit
796 2583 908 2628 omnes
931 2561 974 2626 dil

116 2658 311 2739 persecutus.
357 2654 443 2738 quod
471 2656 498 2720 si
520 2655 610 2738 huic,
637 2655 671 2719 id
694 2658 745 2720 est
766 2649 905 2732 homini,
933 2671 974 2715 su

117 2742 192 2810 dam
216 2745 281 2808 alia
303 2744 486 2808 eommunia
510 2745 552 2809 ad
573 2764 695 2808 nomen
719 2739 883 2822 animalis,
910 2738 974 2803 mh]

116 2832 241 2917 inpedit
262 2831 403 2915 perfecte
427 2832 679 2915 demonstrasse,
707 2829 783 2914 quid
805 2828 904 2894 homo
927 2849 974 2894 ess

64 2936 98 2985 30
116 2921 172 3005 qui
201 2920 323 2985 animal
353 2919 446 2985 dixit:
483 2921 552 2985 sive
585 2917 672 2982 enim
705 2916 898 2983 differentias
927 2916 974 2983 adr

117 3011 183 3074 sive
210 3030 291 3092 non,
316 3007 482 3072 hominem
509 3006 634 3072 animal
661 3026 730 3070 esse
757 3027 888 3072 necesse
911 3010 970 3072 est

117 3119 244 3181 quoque
273 3095 369 3161 modo
399 3099 432 3161 et
461 3096 500 3159 de
530 3095 691 3178 oratione,
723 3094 750 3158 si
781 3095 852 3180 quis
880 3095 944 3162 hoc

116 3186 265 3269 primum,
278 3185 362 3249 nihil
376 3184 465 3249 aliud
478 3185 778 3267 interpretationem
792 3183 854 3249 dici
863 3184 945 3249 nisit

188 3323 425 3379 telios-libros
444 3323 474 3377 in
491 3323 584 3378 hunc?
631 3329 663 3376 21
684 3323 807 3394 recepit?
861 3324 929 3377 m

118 3392 192 3448 S¹E¹
263 3394 524 3451 111410101οΤ
597 3399 631 3449 ao
651 3410 707 3449 non
725 3382 924 3450 0111111111

117 3465 141 3519 Τ
213 3472 246 3522 33
265 3465 538 3538 interpretationeF
