2386 4342
116 183 160 248 82
464 181 635 239 SECVNDA
651 181 776 237 EDITIO

115 349 174 412 per
197 349 230 394 se
254 327 428 413 significat,
456 327 532 392 licet
555 328 599 392 sit
620 325 818 410 inperfectae
842 324 1037 409 sententiae,
1060 345 1133 390 ora-

115 417 237 483 tionem
264 420 375 481 tamen
403 436 473 480 esse
501 415 711 481 manifestum
738 418 797 480 est.
843 414 899 479 sed
928 413 1013 499 quod
1040 412 1135 478 addit

116 506 272 571 orationis
295 507 405 588 partes
428 503 624 589 significare,
655 507 698 569 ut
730 503 953 586 dictionem,
983 523 1060 567 non
1089 505 1134 566 ut

116 592 447 677 adfirmationem,
477 591 698 657 Alexander
729 592 779 657 its
800 592 923 657 dictum
946 611 1018 655 esse
1047 590 1130 655 arbi·

80 685 235 747 stratur:
264 683 350 764 sunt,
371 679 487 765 inquit,
510 681 595 746 aliae
619 680 747 764 quidem
771 680 934 763 simplices
958 679 1133 763 orationes,

117 791 200 854 quae
232 768 309 834 solis
339 769 447 835 verbis
477 772 510 835 et
541 769 730 834 nominibus
761 769 1016 854 coniungantur,
1048 767 1132 831 aliae

115 879 191 923 vero
220 857 422 942 conpositae,
454 880 591 943 quarum
618 879 736 942 eorpus
762 857 891 922 iunctae
913 856 980 920 iam
1002 855 1133 921 faciunt

114 947 288 1013 orationes.
335 951 368 1012 et
396 947 558 1032 simplices
586 946 715 1032 quidem
743 947 907 1012 orationes
934 948 1044 1029 partes
1073 944 1130 1009 hs·

114 1036 193 1100 bont
222 1058 277 1101 eas
308 1057 347 1100 ex
376 1035 493 1120 quibus
523 1039 766 1119 conponuntur,
799 1034 897 1098 verba
927 1037 961 1098 et
987 1033 1133 1116 nomina,

63 1141 96 1190 10
116 1126 153 1188 ut
180 1127 243 1187 est:
276 1121 460 1188 Socrates
493 1124 672 1189 ambulat.
718 1122 907 1207 conpositae
935 1125 1044 1187 autem
1073 1121 1132 1185 ali·

116 1211 266 1294 quotiens
297 1210 428 1294 quidem
459 1214 587 1276 tantum
616 1211 792 1295 orationes,
824 1209 1020 1294 aliquotiens
1053 1231 1132 1276 vero

116 1298 215 1363 etiam
234 1298 484 1382 adfirmationes,
507 1302 543 1365 ut
561 1320 634 1364 cum
658 1298 729 1364 dico
753 1297 933 1364 Socrates
956 1298 1134 1363 ambulat

116 1391 155 1451 et
177 1386 288 1451 Plato
311 1387 501 1472 loquitur,
524 1391 680 1471 utraeque
699 1391 775 1452 sunt
794 1388 1046 1469 adfirmationes,
1064 1386 1130 1451 vel:

117 1473 189 1538 Aio
208 1479 260 1558 te,
278 1474 460 1557 Aeacida,
477 1473 669 1541 Romanos
687 1476 841 1540 vincera
859 1496 986 1560 posse,
1001 1496 1040 1540 ex
1059 1496 1132 1540 oro·

63 1581 97 1631 15
114 1562 259 1629 tionibus
272 1585 339 1628 non
354 1586 393 1628 ex
407 1564 688 1630 adfirmationibus
707 1565 901 1647 conponitur
918 1564 994 1629 talis
1013 1564 1130 1628 oratio.

114 1653 203 1737 prior
231 1655 339 1718 autem
367 1652 558 1736 simplicitas
586 1657 650 1737 est,
671 1653 833 1736 posterior
855 1652 1046 1735 conpositio.
1093 1652 1130 1716 in

116 1741 232 1826 quibus
256 1745 365 1807 autem
386 1743 476 1825 prius
499 1745 549 1807 est
573 1741 695 1826 aliquid
718 1745 750 1806 et
767 1741 937 1824 posterius,
959 1740 1040 1804 illud
1059 1740 1132 1805 sine

115 1829 213 1894 dubio
237 1829 454 1895 definiendum
478 1833 528 1895 est
549 1830 657 1913 priore
678 1831 765 1912 loco,
793 1829 881 1914 quod
907 1831 1029 1893 natura
1051 1849 1133 1913 quo·

116 1937 178 1999 que
201 1917 374 1999 praecedit.
405 1918 452 1981 ita
471 1938 548 2002 ergo
573 1918 726 2002 quoniam
748 1918 837 2001 prior
861 1917 998 2001 simplex
1022 1917 1132 1983 oratio

61 2022 96 2072 20
116 2007 174 2086 est,
196 2003 357 2088 posterior
379 2024 455 2070 vero
478 2006 662 2089 conposita,
692 2006 781 2089 prius
805 2005 985 2089 simplicem
1009 2006 1132 2070 oratio·

115 2113 189 2156 nem
212 2092 400 2158 definitione
423 2093 594 2158 constituit
611 2093 735 2159 dicens:
758 2095 847 2159 cuius
871 2096 980 2176 partes
1006 2093 1133 2178 signifi-

115 2185 191 2246 cant
214 2185 256 2247 ut
277 2182 413 2266 dictio,
436 2204 513 2248 non
534 2185 576 2247 ut
599 2181 837 2264 adfirmatio,
855 2183 1030 2248 dictionem
1052 2182 1132 2247 sim·

113 2271 207 2353 plicis
234 2271 376 2337 nominis
406 2274 462 2336 aut
488 2271 579 2337 verbi
606 2271 883 2354 nuncupationem
913 2292 1048 2354 ponens.
1094 2271 1134 2337 in

116 2357 317 2440 simplicibus
345 2360 432 2424 enim
460 2360 661 2424 orationibus
689 2359 874 2424 huiusmodi
901 2362 1012 2441 partes
1043 2362 1134 2425 sunt

61 2461 96 2512 25
114 2444 150 2508 in
178 2446 355 2529 conpositis
383 2468 459 2512 vero
488 2448 682 2532 aliquotiens
711 2447 839 2532 quidem
868 2447 1032 2512 orationes
1057 2451 1132 2515 tan·

115 2538 195 2615 tum,
213 2534 407 2619 aliquotiens
425 2556 500 2599 vero
519 2535 769 2618 adfirmatioues,
791 2540 829 2601 ut
847 2557 947 2619 supra
965 2539 1131 2603 monstra·

114 2621 230 2687 vimus.
271 2621 362 2687 addit
385 2644 512 2707 quoque
535 2622 629 2688 illud:
662 2645 805 2708 omnem,
828 2624 945 2709 inquit,
968 2623 1133 2691 definitio-

114 2730 190 2773 nem
209 2711 259 2775 vel
278 2710 527 2775 contractiorem
546 2732 615 2776 esse
632 2711 766 2778 definita
784 2713 889 2796 specie
908 2712 959 2776 vel
977 2712 1133 2779 excedere
1181 2790 1183 2801 Ι

114 2818 183 2862 non
211 2801 348 2882 oportet.
394 2798 480 2883 quod
508 2800 535 2863 si
563 2798 802 2866 Aristoteles
830 2801 878 2865 ita
905 2799 1140 2867 constituisset.
1174 2844 1178 2859 a

188 2942 221 2990 14
241 2935 295 2991 Cic.
316 2937 351 2992 de
369 2936 425 2992 div.
444 2937 470 2991 ΙΙ
489 2955 512 2992 c.
532 2944 565 2993 56
585 2944 600 3005 ξ
621 2945 681 2994 116.
727 2939 796 2994 Enn.
816 2940 887 2993 Ann.
908 2945 959 2994 186
980 2896 1183 3027 (Vahlffllfl

186 3076 334 3133 reddidit
352 3076 403 3131 TE
474 3085 492 3133 4
510 3080 566 3135 adt
586 3081 633 3135 vel
650 3079 831 3150 negationem
850 3078 952 3134 S³FE¹
1024 3074 1183 3153 aconas

114 3146 269 3217 iunguntur
287 3149 310 3200 T
419 3154 442 3203 7.
464 3154 480 3203 8
507 3151 635 3205 iunctum
658 3151 716 3204 iam
740 3150 810 3204 facit
832 3150 989 3205 orationem
1011 3148 1034 3203 T
1053 3156 1081 3207 et
1097 3151 1136 3209 stt
1151 3198 1170 3221 Ι.

115 3234 200 3288 marc.
217 3218 309 3273 S¹E¹?
364 3225 379 3274 9
398 3236 472 3275 nom.
491 3224 521 3276 et
538 3240 565 3276 u.
587 3219 610 3274 Τ
666 3225 700 3274 14
718 3221 764 3275 tae
784 3237 816 3275 ae
835 3221 933 3275 accida
952 3220 980 3290 S,
998 3222 1028 3275 te
1045 3220 1163 3287 aeidu-

115 3287 138 3340 Τ
158 3290 238 3355 (idem
255 3288 286 3359 F,
305 3291 352 3347 sed
368 3293 400 3346 ia
416 3291 483 3357 aas.)
572 3294 605 3343 18
624 3289 745 3360 primore
763 3291 800 3345 E¹
883 3297 915 3345 19
934 3289 1065 3360 procedit
1081 3286 1161 3365 81¹ss

115 3359 245 3485 tpdpnipq
261 3362 352 3418 cml*
461 3366 495 3417 28
524 3361 744 3416 contractionem
761 3360 825 3415 F¹T
934 3368 969 3417 29
991 3358 1135 3437 niumm
