2386 4342
515 619 570 675 Ie.
592 626 616 674 1.
1028 617 1069 683 31

55 766 182 830 adiecit:
215 786 345 830 eorum
374 785 469 854 quae
497 765 649 829 suntin
671 786 779 848 voce,
812 763 995 830 addendum
1018 788 1071 832 eo·

53 877 125 919 rum
157 855 338 920 nomimum
371 857 468 938 atque
500 854 672 919 verborum
705 875 788 939 quee
809 852 945 938 'profert
974 856 1070 938 atque

54 943 195 1028 explieat
216 943 338 1007 voeatis
362 943 476 1008 oratio.
513 942 600 1027 quod
622 943 651 1007 si
673 943 757 1008 nihil
779 942 906 1008 deesset
928 943 1072 1027 omnino,

53 1034 101 1098 ita
132 1032 218 1097 foret
248 1032 350 1097 totius
382 1031 549 1115 plenitudo
582 1032 776 1097 sententiae:
815 1035 892 1097 sunt
923 1052 1002 1117 ergo
1032 1053 1072 1096 ea

53 1121 154 1186 verba
176 1125 211 1185 et
231 1120 366 1185 nomina
388 1141 472 1203 quae
494 1121 630 1185 suntin
652 1142 729 1186 voce
753 1141 864 1185 earum
887 1142 971 1204 quae
994 1125 1107 1186 eunte

53 1210 89 1274 in
121 1209 231 1274 anima
260 1209 453 1292 passionum
484 1212 583 1273 notae
613 1211 647 1272 et
676 1230 715 1272 ea
743 1208 844 1273 verbe
873 1214 906 1272 et
937 1210 1072 1274 nomina

54 1319 137 1382 quae
168 1297 354 1362 scribuntur
383 1317 496 1360 eorum
525 1296 698 1359 uerborum
727 1299 760 1357 et
788 1295 958 1358 nominum
989 1319 1072 1379 quae

55 1386 190 1451 suntin
212 1406 299 1450 vooe.
327 1382 415 1466 quod
438 1381 653 1446 communiter
674 1380 929 1465 intellegendum
952 1387 1012 1466 est,
1033 1384 1072 1446 li·

56 1478 108 1538 eet
126 1495 165 1538 ea
184 1473 189 1553 l
210 1491 292 1554 quae
310 1468 536 1535 subiunximus
554 1468 665 1533 deesse
681 1469 861 1533 videantur.
885 1491 984 1554 quare
1002 1491 1070 1536 non
1087 1501 1116 1553 p.
1124 1493 1177 1545 300

57 1564 109 1624 est
136 1559 296 1623 disiuncta
324 1557 498 1640 sententia,
526 1557 582 1622 sed
608 1558 731 1641 primae
759 1560 973 1642 propositioni
996 1578 1125 1628 eon-10

57 1647 157 1711 tinua.
190 1668 266 1711 nam
284 1667 357 1710 oum
375 1645 452 1729 quid
470 1647 514 1710 sit
532 1646 674 1730 verbum,
697 1647 775 1732 quid
796 1669 916 1712 nomen
939 1649 1072 1714 definire

57 1736 235 1818 constituit,
259 1757 332 1799 oum
353 1735 495 1799 nominis
519 1739 552 1801 et
574 1735 664 1800 verbi
686 1740 805 1801 natura
828 1738 871 1802 sit
892 1738 1071 1823 multiplex,

56 1826 95 1890 de
124 1847 186 1909 quo
215 1825 314 1889 verbo
342 1828 376 1888 et
397 1824 529 1888 nomine
551 1828 691 1889 tractare
714 1827 812 1890 vellet
835 1826 922 1891 clara
947 1827 1070 1912 signifi·

55 1914 183 1980 eatione
213 1912 369 1978 distinxit.
416 1913 574 1997 incipiens
602 1913 704 1997 igitur
733 1915 774 1979 ab
802 1914 854 1978 his
883 1916 1070 1981 nominibus

57 2026 94 2068 ae
116 2003 224 2067 verbis
247 2023 329 2087 quae
352 2001 388 2064 in
406 2023 485 2066 vooe
508 2006 592 2085 sunt,
616 2023 755 2085 quorum
778 2007 887 2067 essent
910 2004 1072 2088 significa·
1092 2019 1124 2069 15

56 2093 125 2157 tiva
153 2091 312 2157 disseruit.
358 2090 405 2153 ait
432 2091 517 2154 enim
544 2091 625 2155 haee
647 2091 816 2173 passiones
839 2091 967 2154 animae
991 2092 1072 2156 desi·

57 2201 167 2266 gnare.
212 2178 292 2242 illud
315 2199 441 2262 quoque
465 2178 583 2243 adieoit
604 2178 721 2263 quibus
743 2179 815 2263 ipsa
837 2178 936 2243 verba
959 2183 993 2243 et
1014 2201 1072 2245 no-

57 2271 146 2334 mina
169 2288 251 2353 quae
274 2266 310 2330 in
332 2287 411 2330 voee
436 2270 512 2330 sunt
534 2266 755 2351 designentur,
776 2268 828 2332 his
848 2268 970 2332 scilieet
989 2289 1072 2353 quae

57 2358 240 2422 litterarum
272 2355 421 2419 formulis
455 2355 685 2438 exprimuntur.
732 2357 788 2422 sed
819 2357 972 2441 quoniam
1005 2379 1072 2423 non

58 2446 164 2511 omnis
195 2467 258 2509 vox
287 2444 503 2528 significativa
533 2448 595 2529 est,
626 2445 725 2510 verba
755 2467 832 2511 vero
859 2446 912 2511 vel
938 2447 1073 2511 nomina
1091 2461 1126 2512 20

57 2556 235 2620 numquam
276 2533 571 2617 significationibus
601 2537 720 2597 vacant
756 2535 974 2618 quoniamque
1006 2556 1073 2600 non

59 2624 165 2688 omnis
188 2644 250 2687 vox
273 2643 355 2706 quae
375 2621 537 2706 significat
555 2620 714 2705 quaedam
732 2621 895 2705 positione
915 2621 1074 2705 designat,

59 2712 116 2776 sed
139 2710 296 2794 quaedam
318 2709 526 2793 naturaliter,
558 2711 596 2772 ut
617 2708 782 2792 lacrimae,
813 2708 952 2793 gemitus
976 2712 1073 2793 atque

59 2819 186 2863 maeror
214 2795 418 2882 (animalium
442 2818 569 2881 quoque
592 2800 772 2861 ceterorum
797 2798 955 2881 quaedam
978 2819 1073 2863 voees

58 2886 252 2953 naturaliter
278 2887 398 2970 aliquid
427 2890 609 2968 ostentant,
636 2889 673 2949 ut
696 2907 735 2950 ex
757 2907 875 2951 eanum
898 2887 1072 2952 latratibus
1091 2902 1125 2952 ae

58 2975 226 3042 iracundie
258 2995 430 3059 eorumque
463 2975 528 3040 alie
561 2974 701 3059 quadem
737 2996 815 3040 vooe
852 2975 1073 3040 blandimenta

60 3061 308 3148 monstrantur),
330 3063 430 3128 verba
447 3067 557 3128 autem
576 3066 609 3128 et
631 3063 765 3127 nomina
787 3064 948 3147 positione
972 3065 1073 3148 signi·

58 3154 159 3220 ficunt
185 3173 289 3238 neque
317 3151 422 3216 solum
445 3155 530 3217 sunt
545 3152 644 3216 verbe
667 3155 700 3215 et
722 3152 854 3216 nomina
876 3173 986 3236 voees,
1017 3153 1074 3218 sed

60 3263 155 3306 voees
174 3240 407 3325 significativae
424 3263 485 3307 neo
504 3241 610 3306 solum
629 3239 871 3324 significativae,
894 3241 950 3306 sed
975 3241 1073 3306 etiam

62 3349 144 3414 quae
167 3328 328 3412 positione
351 3330 524 3414 designent
542 3328 673 3412 aliquid,
695 3349 763 3392 non
780 3331 911 3394 natura:
935 3350 1003 3394 non
1026 3329 1072 3393 di·
1091 3345 1125 3395 30

60 3418 121 3483 xit:
146 3419 221 3480 sunt
243 3415 341 3498 igitur
363 3438 457 3484 voees
482 3439 593 3482 earum
617 3437 700 3501 quae
724 3420 801 3481 sunt
819 3417 854 3480 in
872 3417 981 3481 anima
999 3438 1074 3501 pas-

62 3507 192 3572 sionum
215 3507 322 3567 notae.
352 3526 491 3590 namque
514 3527 619 3590 neque
642 3505 748 3570 omnis
771 3525 833 3568 vox
857 3504 1074 3589 significative

134 3668 187 3718 5.6
207 3677 279 3730 quae
299 3660 363 3711 sunt
380 3659 410 3712 in
427 3661 614 3716 v.-nomina
626 3663 659 3716 iu
670 3659 794 3730 11151μῖ
868 3665 901 3714 15
920 3663 995 3733 sunt]
1009 3665 1075 3716 sunt

62 3735 242 3806 designantes
260 3729 312 3784 Te
372 3735 404 3783 17
424 3733 453 3785 et
470 3732 557 3786 uerbo
575 3733 645 3787 etT
704 3735 739 3785 20
758 3729 815 3800 vel]
834 3731 899 3784 etb
973 3739 1006 3787 21
1025 3749 1075 3788 va-

63 3809 128 3862 cant
145 3821 205 3877 epo:
223 3802 359 3858 uacarent
377 3802 487 3868 sedites,
506 3803 638 3858 earentb
730 3816 765 3855 ue
784 3816 834 3856 eru.
855 3800 887 3855 S¹
919 3801 928 3815 ⁶
952 3808 987 3858 22
1007 3820 1074 3871 qua·

63 3878 129 3932 dam
148 3875 208 3932 8²13
282 3878 317 3928 24
336 3889 492 3928 moerorem
510 3870 538 3941 S,
556 3878 663 3932 merore
682 3819 749 3925 Fd'
807 3876 841 3926 32
859 3888 928 3927 nem
944 3872 998 3926 Μ
