2386 4342
110 204 153 270 84
456 202 627 260 SECVNDA
644 203 768 259 EDITIO

111 350 200 416 cuius
228 353 336 434 partes
365 349 487 435 aliquid
515 352 605 414 extra
632 348 828 433 significent,
861 352 897 413 ut
930 348 1122 415 adfirmatio.

108 439 294 504 huiusmodi
309 439 395 503 enim
407 438 563 503 orationis
577 458 650 501 cum
665 437 731 501 sint
745 443 853 521 partes
868 437 1124 503 exorationibus

109 528 247 610 iunctae,
269 548 337 592 non
358 531 469 592 tamen
492 525 771 590 adfirmationibus
793 529 899 591 totum
922 526 1024 609 ipsius
1049 548 1121 591 ora·

109 616 209 680 tionis
233 636 349 698 corpus
373 614 519 680 efficitur.
549 613 605 680 sed
629 614 782 699 quoniam
804 614 840 678 in
863 614 951 679 omni
975 615 1123 680 oratione

75 717 91 767 c
110 703 209 767 verba
232 707 309 767 sunt
332 706 365 767 et
387 702 533 786 nomina,
562 724 644 788 quae
672 702 834 786 simplices
858 711 933 768 sunt
956 702 1123 786 dictiones,

110 814 177 857 non
206 794 313 856 autem
342 793 377 856 in
401 792 551 857 omnibus
575 791 776 856 orationibus
800 795 857 855 aut
880 791 1122 856 adfirmatioues

111 885 167 945 ant
193 880 357 946 orationes
386 884 494 963 partes
518 883 609 964 sunt,
638 879 723 965 quod
746 899 916 944 commune
940 883 1010 944 crat
1032 879 1066 944 id
1089 881 1125 944 in

110 969 297 1035 definitione
324 969 504 1053 constituit,
532 973 699 1053 tamquam
727 968 754 1033 si
781 969 828 1032 ita
851 969 982 1033 diceret:
1016 970 1123 1034 oratio

111 1062 160 1122 est
182 1080 245 1123 vox
270 1058 485 1142 significativa
508 1058 683 1122 secundum
707 1057 877 1141 placitum,
900 1057 989 1122 cuius
1013 1062 1123 1141 partes

58 1162 91 1210 10
111 1145 233 1229 aliquid
265 1149 356 1209 extra
388 1145 585 1229 significent,
622 1167 661 1210 cx
696 1145 891 1210 necessitate
924 1145 1054 1231 quidem
1087 1149 1124 1210 ut

112 1233 223 1315 dicti0,
255 1254 322 1297 non
349 1237 461 1298 tamen
488 1254 614 1317 semper
642 1237 680 1297 ut
709 1233 891 1298 adfirmatio
922 1237 978 1298 aut
1007 1234 1123 1300 oratio.

110 1342 215 1406 neque
244 1321 331 1385 enim
357 1321 427 1385 fieri
454 1325 575 1405 potest,
607 1324 645 1385 ut
671 1321 855 1386 inveniatur
878 1322 997 1406 oratio,
1029 1324 1121 1388 cuius

111 1413 221 1494 partes
244 1431 311 1473 non
333 1409 381 1473 ita
403 1408 526 1493 aliquid
550 1413 641 1474 extra
659 1410 844 1494 significent
861 1432 900 1474 ex
918 1411 1121 1493 necessitate,

112 1500 151 1563 ut
172 1519 291 1562 nomen
315 1501 371 1562 aut
393 1498 536 1581 verbum,
559 1520 633 1562 cum
655 1498 794 1563 inveniri
816 1499 930 1583 possit,
953 1502 990 1563 ut
1011 1501 1059 1564 ita
1084 1500 1125 1565 si-

63 1600 95 1650 15
115 1587 271 1672 gnifioent
294 1587 450 1652 orationis
474 1591 594 1671 partes,
615 1591 653 1652 ut
674 1591 784 1652 tamen
807 1587 970 1653 orationes
994 1591 1051 1652 aut
1070 1588 1125 1652 ad·

114 1676 313 1741 firmationes
336 1698 403 1741 non
428 1676 501 1740 sint.
535 1697 634 1761 quare
657 1675 685 1740 si
707 1676 755 1740 ita
777 1676 925 1741 dixisset:
949 1676 1053 1741 oratio
1078 1681 1128 1742 cst

114 1787 176 1830 vox
195 1765 419 1850 significativa,
441 1765 531 1829 cuius
550 1769 659 1847 partes
679 1765 801 1849 aliquid
820 1769 911 1829 extra
929 1764 1128 1850 significant,

114 1856 152 1916 ut
175 1853 371 1934 adfirmatio,
399 1852 472 1916 illas
497 1853 658 1917 orationes
681 1850 744 1917 hac
767 1852 954 1918 definitione
977 1875 1044 1918 non
1067 1854 1127 1918 cir-

117 1939 385 2021 cumscripsisset,
409 1961 544 2024 quarum
567 1944 676 2025 partes
701 1942 863 2006 orationes
888 1941 1017 2025 quidem
1041 1946 1128 2027 sunt,

64 2043 98 2093 ao
118 2027 173 2092 sed
196 2048 264 2091 non
288 2027 541 2111 adfirmationes,
563 2031 601 2092 ut
624 2028 679 2092 ille
703 2050 813 2095 versus
837 2034 886 2094 est
910 2050 1005 2114 quem
1028 2052 1129 2114 supra

116 2116 184 2180 iam
210 2115 315 2200 posui.
362 2116 412 2180 sin
440 2138 517 2182 vero
546 2116 591 2181 sic
621 2115 764 2181 dixisset:
799 2119 903 2182 oratio
927 2120 976 2182 est
998 2140 1061 2184 vox
1086 2120 1128 2184 si·

116 2205 316 2291 gnificativa,
349 2205 439 2271 cuius
467 2208 576 2288 partes
606 2205 728 2290 aliquid
757 2209 847 2271 extra
874 2207 1062 2291 significant
1090 2211 1129 2273 ut

116 2295 230 2376 oratio,
247 2294 321 2358 illas
341 2295 504 2360 orationes
523 2294 558 2358 in
576 2294 765 2360 definitione
783 2295 975 2380 reliquisset,
990 2317 1128 2380 quarum

116 2384 226 2464 partes
259 2386 334 2445 sunt
366 2383 547 2465 simplices,
583 2386 620 2446 ut
653 2387 702 2447 est
734 2381 913 2449 Socrates
946 2384 1128 2451 ambulat

64 2484 98 2534 25
117 2468 173 2534 sed
203 2490 275 2533 cum
303 2469 380 2533 dicit
408 2471 563 2543 orationis
592 2473 699 2552 partes
723 2471 771 2535 ita
795 2472 989 2558 significare,
1021 2477 1059 2536 ut
1082 2473 1129 2539 di·

118 2558 249 2638 stiones,
271 2577 338 2621 non
362 2558 493 2622 omnino
516 2561 554 2620 ut
577 2557 831 2644 adfirmationes,
854 2565 887 2624 et
911 2561 1073 2644 simplices
1095 2565 1131 2628 et

117 2645 304 2729 conpositas
327 2645 389 2709 hac
409 2645 596 2710 definitione
614 2648 780 2713 conclusit.
815 2648 978 2733 simplices
998 2648 1131 2734 quidem
1169 2724 1174 2733 ¹

117 2734 250 2816 idcirco,
284 2733 370 2816 quod
398 2733 561 2817 quaelibet
584 2735 718 2819 simplex
741 2737 998 2822 parvissimaque
1021 2738 1129 2804 oratio

117 2821 248 2887 nomine
281 2824 314 2885 et
346 2822 444 2886 verbo
477 2823 697 2909 coniungitur,
722 2848 815 2911 -quae
852 2829 929 2890 sunt
965 2826 1129 2910 simplices

63 2927 97 2976 30
118 2910 283 2992 dictiones,
303 2911 486 2994 conpositas
505 2933 591 2997 vero,
609 2913 692 2997 quia,
711 2936 783 2978 cum
800 2914 945 2979 habeant
963 2915 1130 2983 orationes

191 3030 420 3100 lsignificantb
505 3033 675 3089 rorationis
694 3034 773 3089 TE':
803 3035 944 3091 orationes
963 3035 986 3089 Ε
1005 3042 1031 3091 ct
1048 3038 1132 3095 cdere·

116 3104 211 3172 partes
230 3117 288 3170 epo:
308 3102 367 3157 eius
386 3105 480 3172 partes
500 3104 589 3173 STE,
608 3107 659 3162 del.
679 3105 718 3171 8²,
738 3122 788 3161 om.
806 3107 828 3159 F
896 3113 945 3163 3.4
963 3123 1039 3176 corp.
1053 3106 1130 3167 ond
1161 3108 1175 3169 'r

118 3180 134 3226 6
154 3171 366 3238 affirmationib3
386 3175 540 3241 orationib3
561 3181 622 3245 (ona
641 3178 701 3245 aut)
716 3177 753 3230 T¹
825 3183 841 3231 7
860 3180 924 3232 sunt
940 3179 1035 3247 partos
1051 3177 1073 3230 F
1163 3172 1175 3181 “’

119 3249 152 3296 10
172 3241 371 3312 significantT
454 3253 486 3300 13
504 3248 547 3301 ita
564 3263 615 3302 om.
635 3245 667 3300 8¹
739 3264 772 3302 ex
790 3247 958 3304 necessitate
976 3264 1027 3304 ona
1045 3248 1084 3304 Εῑ

120 3318 153 3366 15
174 3312 310 3369 orationes
329 3319 401 3385 part.
421 3317 453 3371 S²
526 3323 559 3371 21
600 3316 659 3371 osni
677 3315 774 3372 iamF
834 3324 881 3372 ·23
900 3318 1078 3388 relinquisset
1094 3318 1159 3379 8¹²2·

118 3389 161 3437 23.
181 3388 326 3454 rspertes
345 3389 410 3442 suut
428 3404 546 3456 quarum
592 3387 601 3418 ¹
687 3392 721 3442 28
740 3387 848 3459 quiaT
929 3395 965 3444 30
983 3389 1050 3459 quia
1067 3406 1148 3465 wei

119 3471 190 3522 quae
209 3458 310 3513 codices

79 3580 112 3656 ἱ
