2386 4342
526 653 540 706 I
561 669 585 709 c.
606 659 629 708 1.
1039 656 1085 721 43

63 794 225 858 litterae
257 795 437 860 omnibus
469 795 639 880 eaedem,
672 797 727 862 sic
756 819 826 863 nec
853 819 965 864 voces
998 820 1082 866 eae·

64 883 157 948 dem.
212 886 246 947 ut
274 905 351 950 vero
381 884 621 949 demonstraret
650 885 834 951 intellectus
866 890 899 951 et
928 908 981 952 res
1011 908 1082 953 esse
1164 934 1173 945 .

62 970 269 1054 naturaliter,
298 973 345 1037 ait
373 971 460 1056 apud
488 993 602 1037 omnes
631 972 762 1039 eosdem
789 995 859 1040 esse
886 975 1082 1058 intellectus,

64 1080 204 1144 quorum
236 1064 344 1126 essent
376 1081 472 1126 voces
505 1060 755 1145 significativae,
786 1065 820 1127 et
850 1083 962 1128 rursus
994 1063 1081 1147 apud

62 1167 177 1212 omnes
204 1149 332 1214 easdem
360 1170 431 1215 esse
459 1169 526 1231 res,
553 1169 692 1232 quarum
720 1149 949 1215 similitudines
973 1155 1117 1218 essentt

62 1236 191 1300 animae
213 1237 399 1320 passiones,
425 1240 463 1301 ut
485 1238 536 1300 est
559 1256 721 1318 quorum
743 1240 870 1302 autem
892 1238 985 1303 haec
1006 1241 1081 1322 pri·

62 1344 209 1387 morum
232 1329 362 1407 notae,
393 1324 524 1388 scilicet·
542 1342 625 1404 quae
649 1324 784 1386 suntin
805 1344 898 1405 voce,
928 1326 1081 1391 eaedem

63 1410 244 1474 omnibus
269 1411 479 1494 passiones
508 1409 660 1472 animae
688 1412 725 1473 et
753 1430 914 1493 quorum
936 1410 1007 1474 hae
1030 1413 1081 1475 si·

63 1497 323 1580 militudines,
346 1518 409 1561 res
432 1496 550 1561 etiam
574 1495 736 1562 eaedem.
776 1497 947 1581 passiones
972 1501 1080 1564 autem

65 1583 195 1647 animae
222 1583 316 1666 dixit,
348 1585 501 1669 quoniam
531 1584 613 1649 alias
641 1585 815 1671 diligenter
842 1588 1007 1651 ostensum
1031 1591 1081 1652 est
1101 1607 1135 1656 1ο

64 1691 195 1735 omnem
221 1693 334 1738 vocem
363 1673 516 1738 animalis
544 1676 602 1737 aut
628 1694 667 1737 ex
693 1675 846 1758 passione
874 1675 1000 1739 animae
1024 1679 1080 1740 aut

64 1762 199 1842 propter
226 1762 412 1844 passionem
441 1761 589 1846 proferri
631 1762 876 1828 similitudinem
900 1783 976 1827 vero
1006 1784 1080 1846 pas-

64 1847 189 1912 sionem
212 1849 340 1914 animae
358 1850 497 1933 vocavit,
521 1850 608 1934 quod
627 1850 803 1915 secundum
822 1849 1080 1917 Aristotelem

62 1935 146 1999 nihil
183 1937 270 2001 aliud
305 1938 496 2023 intellegere
532 1937 598 2002 nisi
629 1939 802 2004 cuiuslibet
834 1937 1000 2003 subiectae
1031 1941 1079 2004 rei

62 2024 295 2107 proprietatem
325 2030 422 2109 atque
452 2025 722 2110 imaginationem
750 2027 787 2089 in
817 2025 945 2089 animae
976 2026 1079 2109 ipsius
1100 2041 1133 2092 15

62 2113 265 2194 reputatione
283 2114 456 2196 suscipere,
478 2112 518 2175 de
537 2111 654 2194 quibus
673 2113 800 2176 animae
818 2112 1026 2194 passionibus
1044 2113 1080 2177 in

61 2200 155 2264 libris
170 2221 204 2263 se
223 2200 266 2264 de
285 2201 412 2264 anima
432 2203 667 2264 commemorat
683 2199 873 2283 diligentius
887 2198 1079 2283 disputasse.

64 2287 121 2351 sed
150 2287 305 2369 quoniam
328 2287 585 2351 demonstratum
608 2291 667 2372 est,
690 2287 847 2371 quoniam
870 2290 903 2351 et
925 2287 1024 2352 verba
1047 2293 1080 2352 et

65 2374 201 2439 nomina
228 2377 261 2440 et
288 2375 392 2441 oratio
419 2374 643 2440 intellectuum
669 2376 894 2459 principaliter
916 2375 1077 2461 significa-

61 2462 131 2527 tiva
154 2466 244 2545 sunt,
272 2462 427 2548 quidquid
455 2466 505 2527 est
532 2463 568 2527 in
590 2484 668 2528 voce
692 2463 939 2547 significationis
963 2464 1006 2528 ab
1029 2465 1077 2528 in-
1097 2479 1133 2528 ao

63 2549 247 2616 tellectibus
271 2551 370 2615 venit,
415 2571 514 2634 quare
541 2550 633 2633 prius
655 2551 822 2633 paululum
845 2550 885 2613 de
907 2551 1077 2614 intellecti-

62 2638 125 2700 bus
157 2637 420 2720 perspiciendurn
449 2637 480 2700 ei
512 2636 569 2718 qui
600 2640 686 2700 recte
719 2635 841 2717 aliquid
873 2636 912 2699 de
943 2635 1078 2700 vocibus

63 2723 253 2806 disputabit.
297 2742 375 2807 ergo
403 2722 489 2807 quod
518 2741 616 2803 supra
636 2721 806 2804 passiones
829 2721 956 2787 animae
980 2725 1013 2785 et
1036 2723 1078 2786 si-

62 2810 262 2876 militudines
295 2810 437 2895 vocavit,
468 2808 555 2874 idem
584 2830 671 2874 nunc
701 2809 844 2892 apertius
875 2810 1077 2876 intellectum

61 2903 159 2965 vocat
182 2898 307 2963 dicens:
1097 2913 1132 2964 at

150 2987 222 3053 Est
253 2991 395 3069 autem,
430 2985 746 3072 quemadmodum
778 2986 818 3050 in
850 2988 978 3053 anima
1011 2987 1078 3051 ali·

61 3076 245 3161 quotiens
259 3075 412 3160 quidem
427 3075 656 3140 intellectus
673 3075 757 3139 sine
777 3096 866 3141 vero
885 3076 948 3141 vel
962 3074 1078 3158 falso,

60 3165 300 3248 aliquotiens
328 3167 455 3229 autem
485 3163 547 3229 cui
575 3163 650 3227 iam
678 3184 834 3228 necesse
862 3167 921 3229 est
943 3164 1078 3228 horum

60 3253 227 3316 alterum
254 3252 395 3334 inesse,
422 3253 478 3317 sic
506 3251 625 3316 etiam
640 3250 688 3315 ‘in
711 3271 817 3333 voce3
842 3252 962 3316 circa
990 3271 1077 3314 con·

61 3337 298 3423 positionem
317 3339 417 3403 enim
435 3343 473 3404 et
491 3339 723 3405 divisionem
738 3341 796 3402 est
809 3337 967 3403 falsitas
982 3337 1078 3401 veri·
1096 3349 1132 3401 30

136 3465 159 3512 1.
179 3456 331 3511 acaedam
348 3475 375 3514 v.
394 3461 497 3514 codices
570 3459 645 3528 aet]
664 3460 697 3513 ut
714 3457 747 3524 Ε,
766 3473 835 3513 corr.
853 3455 891 3510 E*
959 3455 1078 3510 3111111-

60 3532 152 3586 leotns
171 3526 272 3584 esseE
337 3532 491 3597 tquarum
508 3529 541 3583 br
560 3545 678 3598 quorum
696 3527 801 3583 codices
859 3526 965 3581 thaso
984 3524 1007 3578 Ε
1026 3526 1077 3580 Ar.

61 3602 165 3656 ταῦταε
184 3600 239 3654 hae
258 3596 295 3651 Ε2
313 3603 339 3652 ct
357 3600 437 3652 ceteri
489 3598 635 3653 8animae
655 3600 720 3652 sunt
738 3597 842 3652 codices
896 3602 930 3650 14
949 3594 1027 3649 aliud
1046 3595 1077 3649 S:

61 3671 140 3728 aliud
160 3672 203 3725 est
222 3668 281 3724 ΒΨ
310 3668 354 3722 est
372 3667 450 3721 aliud
467 3668 519 3723 ΤΕ
593 3674 627 3724 18
645 3669 693 3723 alt.
713 3667 810 3736 quon]
829 3665 969 3734 quomodo
987 3665 1009 3719 E

62 3748 96 3797 22
115 3710 343 3813 perspiciendum
362 3736 395 3790 S:
412 3753 504 3807 persp.
523 3740 566 3793 est
584 3737 701 3792 S’FTE
788 3737 823 3790 de
841 3751 891 3791 ora.
911 3735 956 3790 Sl*
1043 3741 1078 3789 23

61 3811 221 3883 disputauit
239 3807 371 3865 S¹F¹TE
443 3813 478 3863 28
495 3807 541 3862 cui
558 3807 609 3863 Ar.
628 3801 650 3881 ᾧ
670 3808 706 3876 cf.
725 3806 766 3862 cd.
784 3805 815 3858 I:
840 3822 903 3860 cum
921 3805 1025 3860 codices

62 3888 98 3938 30
115 3884 213 3938 autem
230 3879 288 3938 Σῖ
361 3874 471 3932 falsitas
489 3876 629 3947 ueritasq3
647 3877 716 3934 Σῖε
734 3874 839 3930 ueritas
857 3875 919 3931 fals.
938 3876 1018 3930 ceteri

895 4110 921 4141 N
