2386 4342
126 196 171 262 34
473 192 643 250 SECVNDA
661 191 787 248 EDITIO

129 362 225 425 quam
255 340 421 405 intellectu
451 337 677 422 conplectitur,
710 336 751 401 ad
783 336 852 401 eius
883 337 1140 405 enuntiationem

127 429 447 514 designationemque
469 425 644 491 contendit
680 447 754 490 cum
783 425 869 489 enim
897 425 969 508 quis
997 426 1141 511 aliquam

126 540 195 583 rem
218 515 389 600 intellegit,
411 512 501 598 prius
523 513 757 599 imaginatione
779 512 918 579 formam
940 533 1074 580 necesse
1091 520 1144 580 est

126 605 309 669 intellectae
341 604 388 669 rei
419 601 714 687 proprietatemque
747 600 905 685 suscipiat
936 605 970 666 et
1000 602 1060 667 fiat
1088 603 1142 669 vel

91 713 108 762 5
127 693 236 778 passio
258 693 310 757 vel
332 712 405 757 cum
427 691 578 775 passione
601 689 740 775 quadam
758 689 941 755 intellectus
964 692 1142 776 perceptio.

127 783 188 846 hac
211 801 286 846 vero
308 781 416 864 posits
438 782 534 864 atque
557 778 593 842 in
615 778 733 843 mentis
756 777 885 843 sedibus
909 778 1082 844 conlocata
1104 779 1144 844 fit

127 869 319 935 indicandae
348 870 389 934 ad
416 869 555 933 alterum
583 866 743 951 passionis
770 866 936 950 solmiac,
967 867 1020 930 cui
1049 871 1145 933 actus

127 959 257 1044 quidam
272 957 506 1024 continuandae
520 955 763 1040 intellegentiae
782 953 930 1038 protinus
948 975 988 1018 ex
1002 954 1144 1020 intimae

126 1047 263 1112 rationis
286 1048 447 1129 potestate
470 1044 665 1128 supervenit,
688 1064 784 1127 quem
807 1042 930 1107 scilicet
948 1042 1092 1126 explicat
1109 1047 1145 1108 et

76 1152 109 1201 10
131 1133 268 1199 effundit
289 1132 394 1197 oratio
415 1133 522 1196 nitens
545 1152 584 1196 ca
607 1152 688 1215 quae
710 1131 859 1214 primitus
881 1131 916 1194 in
939 1133 1048 1195 mente
1071 1131 1147 1198 fun·

128 1222 204 1285 data
227 1223 276 1284 est
298 1220 456 1304 passione,
480 1219 556 1303 sive,
579 1218 664 1302 quod
687 1222 738 1284 est
760 1219 879 1302 verius,
903 1218 1145 1304 significatione

128 1329 302 1395 progressa
325 1308 470 1373 oratione
492 1306 723 1392 progrediente
743 1306 838 1371 simul
864 1311 898 1371 ct
925 1306 1146 1391 significantis

130 1419 164 1462 se
188 1396 344 1462 orationis
368 1396 510 1462 motibus
534 1395 742 1478 adaequante.
768 1395 807 1459 fit
830 1416 904 1459 vero
928 1395 1009 1460 haec
1031 1397 1146 1479 passio

129 1486 219 1551 velut
245 1485 369 1570 figurae
397 1483 532 1550 alicuius
559 1483 730 1567 inpressio‚
758 1483 814 1547 sed
840 1482 887 1547 ita
913 1487 952 1548 ut
973 1483 1009 1547 in
1032 1483 1146 1552 animo

78 1591 110 1641 15
129 1574 199 1639 fieri
223 1572 397 1639 consuevit.
440 1573 534 1638 aliter
561 1593 700 1655 namque
722 1571 915 1636 naturaliter
937 1571 1024 1635 inest
1045 1573 1082 1638 in
1109 1595 1147 1638 re

130 1663 275 1750 qualibet
300 1663 432 1747 propria
458 1662 577 1747 figura,
609 1661 704 1725 aliter
729 1680 805 1725 vero
835 1661 902 1725 eius
930 1659 971 1723 ad
995 1660 1145 1728 animum

129 1753 234 1818 forma
263 1752 471 1835 transfertur,
500 1751 589 1816 velut
615 1770 682 1815 non
709 1748 821 1814 eodem
849 1748 944 1813 modo
975 1768 1066 1812 cerae
1091 1750 1146 1815 vel

129 1840 286 1905 marmori
308 1840 360 1904 vel
383 1839 504 1905 chartis
527 1838 654 1903 litterae
677 1837 710 1901 id
732 1841 783 1903 est
804 1858 920 1902 vocum
939 1836 1034 1920 signa
1052 1859 1149 1904 man·

131 1928 257 1992 dantur.
290 1930 323 1991 et
344 1926 613 2010 imaginationem
635 1923 757 1998 Stoici
780 1946 800 1989 a
822 1925 919 1989 rebus
940 1925 975 1987 in
999 1925 1146 1992 animam

78 2032 113 2082 20
132 2015 325 2080 translatam
347 2013 537 2097 loquuntur,
568 2013 624 2078 sed
647 2034 719 2077 cum
742 2013 922 2078 adiectione
946 2034 1074 2096 semper
1097 2015 1147 2079 di·

132 2107 239 2169 centes
272 2106 314 2170 ut
344 2101 384 2166 in
415 2101 550 2167 anime.
596 2101 748 2185 quocirca
776 2121 849 2164 cum
879 2101 984 2165 omnis
1014 2102 1148 2169 animae

129 2193 238 2278 passio
271 2192 318 2256 rei
350 2190 508 2278 quaedam
539 2188 686 2255 videatur
716 2209 785 2253 esse
815 2189 1011 2272 proprietas,
1043 2212 1144 2273 porro

131 2287 241 2346 autem
271 2281 492 2365 designativae
524 2300 620 2344 voces
651 2278 872 2342 intellectuum
908 2277 1134 2360 principaliter

130 2390 239 2432 rerum
261 2367 377 2432 dehine
400 2390 420 2432 a
442 2367 558 2450 quibus
580 2366 763 2430 intellectus
785 2364 923 2448 profecti
946 2368 1023 2428 sunt
1041 2364 1103 2450 sig

80 2471 114 2521 25
133 2455 283 2520 ficatione
305 2453 465 2536 nitantur,
491 2451 646 2534 quidquid
669 2453 777 2515 estin
799 2451 933 2515 vocibus
956 2450 1080 2532 signific

133 2565 218 2626 vum,
240 2542 273 2606 id
292 2541 418 2605 animae
441 2538 610 2623 passiones
628 2536 787 2618 designat
823 2535 878 2599 sed
895 2535 957 2599 hae
975 2539 1063 2617 passi

134 2631 315 2696 animarum
343 2649 381 2692 ex
408 2647 516 2692 rerum
543 2623 753 2690 similitudine
776 2626 996 2708 procreantur.
1032 2624 1064 2688 vi

206 2871 370 2943 lintellegi
388 2872 411 2926 T
430 2873 508 2941 (corr.
529 2869 575 2940 T¹)
647 2868 879 2926 tintellectioT
951 2868 1038 2924 6He¹

135 2955 150 3003 8
169 2945 282 3017 quidem
300 2945 323 2998 F
378 2949 394 2997 9
414 2959 498 3013 quem
515 2944 609 2998 actum
628 2941 659 3011 F,
678 2944 773 2997 actum
791 2957 877 3009 supro
896 2943 944 2997 lia.
963 2941 988 3010 J,
1007 2959 1028 2995 s.

133 3036 219 3089 supro
237 3019 286 3072 lia.
307 3014 340 3070 θ’
378 3019 410 3067 12
429 3013 554 3069 oratione
572 3029 632 3084 epo:
652 3013 742 3068 oratio
760 3013 876 3079 codicem
896 3012 1031 3068 craticeo

135 3107 158 3146 c.
176 3088 299 3158 explicat
317 3086 359 3155 δ’,
379 3083 746 3209 οηὴὶρβίίζβββββέζεξρὶίοαῖῖ
797 3154 803 3167 .
828 3082 1030 3166 significatione

131 3167 195 3230 poet
213 3159 297 3213 simul
314 3161 472 3226 trceepooet
515 3157 526 3187 ²
544 3159 554 3224 (
596 3171 628 3208 m
646 3171 746 3226 meru:
765 3155 848 3211 ahter
866 3170 924 3208 erue
942 3152 1017 3223 quod

135 3231 193 3284 rius
217 3228 421 3298 significatione
445 3225 642 3297 progrediente
668 3225 757 3281 oratio
782 3241 931 3295 progressa
955 3224 1005 3278 rim

136 3299 228 3370 signif.
248 3315 286 3354 or.
306 3302 374 3355 mot.
393 3298 502 3367 adaeq.)
580 3302 613 3351 13
632 3295 754 3351 metibus
774 3297 813 3364 δ’,
842 3295 982 3351 mentibus

135 3371 321 3426 transferetur
338 3371 370 3438 T,
388 3386 456 3425 corr.
471 3368 508 3423 T²
580 3373 614 3423 17
633 3367 680 3422 vel
697 3368 787 3424 (ΜΡ
862 3372 894 3420 19
914 3382 931 3421 a
949 3381 981 3422 ou

134 3442 242 3500 nitetur
260 3439 334 3496 S¹E¹
405 3446 438 3495 at
457 3440 613 3496 animorum
633 3436 706 3492 SPE
779 3442 808 3495 et
826 3436 905 3492 T¹E¹
