2386 4342
209 142 253 217 20
557 136 728 194 sncvnnn
747 136 870 192 sorno

211 289 420 370 elementum,
447 304 570 350 nomen
593 283 715 348 scilicet
738 286 771 346 et
794 282 940 364 verbum,
967 284 1044 364 post

211 377 377 462 gationem
400 378 434 438 et
457 372 723 456 adfirmationem,
746 392 828 454 quae
847 371 969 454 species
989 391 1068 434 enus

211 469 297 530 sunt.
353 483 489 547 quorum
523 482 624 546 genus
657 461 691 524 id
724 463 774 524 est
805 459 1060 524 enuntiationem

209 552 400 636 nominavit,
419 553 566 635 quartam
585 570 660 614 vero
679 549 860 614 orationem
878 548 994 631 posuit
1020 570 1068 630 qu:

176 656 192 706 6
212 640 445 706 enuntiationis
469 659 571 724 genus
595 643 653 703 est.
700 637 872 703 ethorum
895 658 929 701 se
949 637 1068 701 omniur

210 731 318 794 tiones
342 729 492 794 daturum
517 749 587 793 esse
605 726 765 811 promisit
789 748 870 812 quas
888 725 1019 789 interim
1037 747 1068 789 re

122 884 129 893 ,
212 821 307 902 atque
336 817 535 901 praeteriens
564 820 597 881 et
625 818 659 881 in
686 816 900 900 posteriorem
930 817 1068 878 tractatu

210 928 284 971 rens
311 907 392 971 illud
419 927 503 970 nuno
528 905 618 971 addit
641 927 723 991 quae
746 905 813 969 sint
835 904 934 967 verba
958 907 990 967 et
1012 925 1068 967 nor

211 995 288 1079 quid
311 995 384 1079 ipsa
407 995 599 1078 significent
645 1015 745 1079 quare
769 995 944 1076 antequam
968 992 1009 1055 ad
1033 1013 1068 1055 ve

161 1101 193 1151 ιο
213 1083 339 1147 stotelis
362 1084 435 1165 ipsa
457 1082 635 1165 veniamus,
657 1103 762 1166 pauca
785 1081 998 1146 communiter
1022 1082 1060 1145 de

211 1170 273 1235 bus
297 1175 393 1255 atque
417 1170 523 1236 verbis
546 1174 580 1235 et
602 1170 641 1235 de
663 1170 715 1234 his
735 1192 818 1255 quae
837 1170 1062 1254 significantur

213 1281 250 1324 aa
272 1259 463 1325 nominibus
487 1260 696 1343 disputemus.
743 1259 811 1323 sive
834 1259 920 1322 enim
944 1259 1068 1342 quaelih

212 1349 341 1433 rogatio
370 1348 414 1413 sit
443 1351 539 1433 atque
567 1348 750 1433 responsio,
782 1348 849 1412 sive
876 1351 1033 1431 perpetua
1056 1371 1068 1412 c

161 1453 195 1502 14
214 1437 371 1502 orationis
399 1436 601 1503 continuatio
629 1440 727 1522 atquc
756 1437 888 1501 alterius
916 1436 1045 1501 auditus

106 1524 366 1612 praelegente,
389 1525 456 1590 sive
479 1526 532 1591 hic
556 1527 686 1612 quidem
709 1525 822 1591 deccat
840 1525 896 1589 ille
914 1546 991 1591 vero
1011 1525 1068 1589 dia

213 1614 274 1680 bus
298 1615 349 1680 his
373 1618 462 1681 totus
486 1615 600 1681 orandi
623 1615 700 1680 ordo
724 1615 902 1698 perficitur:
927 1615 1032 1698 rebus,
1056 1616 1067 1678 i

213 1703 285 1787 bus,
307 1704 450 1770 vocibus.
495 1726 548 1769 res
576 1705 727 1770 animab
750 1704 920 1769 intellectu
943 1705 1068 1787 concipi

214 1813 290 1856 vero
314 1793 540 1877 conceptiones
566 1794 667 1865 animi
689 1793 936 1878 intellectusque
960 1793 1065 1876 signifi

28 1936 35 1965 Ξ
215 1900 291 1944 vero
314 1880 498 1945 intellectus
522 1884 555 1946 et
577 1882 762 1965 concipiunt
785 1882 947 1946 subiectas
970 1903 1022 1945 res
1047 1905 1059 1945 ε

10 1968 35 2051 „t
162 1984 196 2034 ao
215 1972 331 2032 cantur
354 1991 373 2033 a
396 1969 537 2035 vocibus.
567 1990 640 2035 cum
662 1971 764 2056 igitur
786 1971 851 2035 tria
874 1970 939 2034 sint
960 1969 1040 2034 haec

28 2054 32 2083 '
215 2057 319 2122 omnis
349 2058 455 2124 oratio
483 2059 729 2143 conlocutioque
756 2058 934 2142 perficitur,
966 2080 1018 2122 res

213 2146 315 2210 iactae
339 2151 425 2231 sunt,
448 2148 631 2214 intellectus
654 2148 710 2233 qui
733 2169 784 2212 res
808 2148 993 2231 concipiant
1016 2169 1032 2211 e

154 2276 158 2283 ι
214 2234 346 2333 vocibus
370 2237 608 2322 significentur,
639 2258 734 2303 voces
756 2259 833 2302 vero
862 2258 944 2319 quae
967 2236 1025 2301 ina

28 2398 35 2507 i
162 2423 197 2473 26
215 2326 356 2474 atti
374 2325 1008 2496 lllffisffuliulffidlinl⁸lalll

28 2512 35 2599 q
215 2518 355 2583 namque
382 2499 511 2563 litterae
539 2500 627 2583 ipsas
655 2499 841 2583 significant
867 2518 970 2562 voces.

31 2602 35 2609 ·
215 2586 291 2650 tuor
316 2586 381 2651 ista
409 2590 499 2670 sunt,
531 2590 569 2651 ut
597 2588 726 2653 litterae
755 2585 884 2671 quidem
912 2584 994 2668 sign·

215 2693 310 2738 voces
328 2696 404 2740 vero
423 2675 615 2755 intellectus
633 2675 820 2740 intellectus
840 2677 948 2738 autem
967 2695 983 2738 c

216 2783 298 2846 quae
328 2763 453 2828 scilicet
482 2763 605 2828 habent
635 2763 799 2848 quandam
829 2783 896 2828 non
925 2783 975 2827 cor

163 2866 198 2917 30
216 2849 385 2916 fortuitam
408 2853 687 2937 consequentiam,
720 2853 776 2917 sed
799 2852 966 2917 terminata

217 2940 421 3007 ordinatione
455 2945 615 3006 constant.
668 2963 720 3006 res
754 2942 841 3007 enim
873 2962 958 3025 semp

217 3048 292 3093 eum
320 3029 376 3113 qui
405 3029 447 3093 ab
474 3029 554 3113 ipsis
577 3031 757 3115 concipitur
779 3029 950 3095 intellectu

217 3115 420 3182 intellectum
448 3139 511 3183 vox
538 3120 695 3204 sequitur,
728 3118 784 3184 sed
811 3139 941 3184 roccae

288 3261 305 3311 3
324 3263 460 3325 quarum?
532 3262 647 3314 17-20
666 3255 872 3314 res-vocibus
888 3272 928 3313 oa

216 3324 271 3382 F¹l
343 3327 619 3397 assignifioentSF
692 3335 727 3384 30
750 3329 922 3385 suaenatan

218 3395 264 3451 SE
338 3399 490 3456 comitatur
509 3399 544 3454 1³²
616 3408 650 3457 32
670 3418 734 3458 eum
751 3400 803 3457 del.
821 3398 858 3454 Ψ
