2386 4342
112 206 155 271 88
459 203 631 261 SECVNDA
648 203 773 260 EDITIO

112 351 157 416 sit
179 350 374 436 inperfectus
398 353 495 435 atquc
518 349 590 415 ideo
613 370 673 414 nec
696 370 751 414 eas
770 349 897 435 aliquas
915 348 1036 415 habere
1055 373 1131 436 par·

110 446 169 506 tes.
200 461 276 504 nam
295 460 368 505 cum
388 437 466 502 dicit
483 437 597 504 Plato
616 438 656 502 in
673 437 884 503 Academia
903 437 1133 525 disputans,

110 529 192 595 haec
219 527 373 612 quoniam
400 524 543 611 perfecta
569 530 723 610 nonest,
754 530 877 611 partes,
908 526 1029 611 inquit,
1061 549 1131 594 non

112 616 225 699 habet,
258 614 421 680 arbitrans
453 635 549 681 omne
582 615 669 700 quod
700 614 913 699 inperfectum
946 619 998 680 cst
1027 617 1132 681 nullis

74 703 261 789 apartibus
285 702 455 768 contineri.
501 707 597 788 atque
620 703 707 788 ideo,
733 725 806 770 cum
830 703 909 769 dicit
931 703 1130 770 Aristote-

112 793 183 858 les:
212 791 315 858 oratio
339 796 390 857 est
412 814 476 858 vox
499 792 727 878 significativa,
755 793 847 857 cuius
870 795 981 876 partes
1004 792 1131 878 aliquid

112 886 204 947 extra
222 881 414 968 significent,
436 881 527 947 illam
546 881 726 947 orationem
744 880 899 946 constitui
918 883 1022 964 putat,
1044 903 1129 966 quae

111 972 290 1056 perfectum
319 971 440 1036 retinet
463 991 603 1036 sensum.
647 971 792 1054 ipsarum
814 969 901 1034 enim
924 972 1034 1053 partes
1058 991 1130 1036 esse

111 1059 210 1124 verba
232 1062 266 1123 ct
287 1059 429 1123 nomina.
467 1057 524 1123 sed
546 1057 608 1123 hoc
630 1057 802 1123 ridiculum
826 1061 882 1123 est
919 1060 1128 1142 nequeenim

59 1163 93 1214 ιο
112 1147 317 1231 conpositum
340 1144 461 1230 aliquid
483 1145 555 1210 fieri
577 1149 687 1230 potest
712 1147 777 1211 nisi
805 1146 947 1230 propriis
969 1147 1131 1231 partibus.

113 1233 200 1317 quod
233 1234 261 1297 si
294 1232 457 1316 quaelibet
487 1253 539 1297 res
568 1236 605 1297 ut
636 1238 838 1317 conponatur
867 1234 989 1300 habeat
1019 1235 1129 1301 decem

112 1325 233 1407 partes,
256 1342 312 1385 eas
334 1324 444 1386 tamen
467 1319 659 1407 singillatim
679 1321 797 1406 adponi
815 1343 946 1388 necasse
963 1324 1017 1408 sit,
1041 1328 1129 1389 ante

113 1430 212 1495 quam
244 1409 286 1474 ad
319 1408 476 1474 decimam
508 1410 676 1474 veniamus
707 1415 849 1495 partem:
880 1410 985 1476 nihilo
1017 1415 1129 1477 tamen

114 1499 222 1563 minus
254 1501 364 1583 partes
397 1501 492 1563 erunt
523 1519 604 1582 quas
637 1498 768 1565 sibimet
804 1499 845 1564 ad
881 1501 1128 1584 conponendam

60 1604 94 1656 15
112 1586 214 1653 totius
255 1587 400 1671 corporis
442 1608 602 1652 summam
639 1587 831 1673 singillatim
868 1589 1128 1674 superponimus,

113 1676 211 1742 ctiam
235 1676 263 1742 si
287 1676 329 1741 ad
351 1675 432 1741 illud
454 1675 541 1761 quod
560 1675 808 1760 conponendum
826 1676 889 1740 fuit
906 1677 1040 1742 minime
1059 1699 1129 1762 per·

112 1770 245 1832 ventum
282 1768 341 1830 est.
395 1766 545 1849 quocirca
581 1765 609 1828 si
641 1768 816 1849 antequam
849 1765 1058 1849 perveniatur
1089 1765 1130 1831 ad

113 1852 264 1917 ultimam
296 1855 422 1935 partem
454 1853 581 1936 priores
617 1857 728 1936 partes
761 1853 865 1919 effecti
903 1853 1066 1937 conpositi
1090 1875 1130 1921 ue

114 1943 223 2023 partes
247 1942 333 2021 sunt,
356 1939 446 2003 nulla
469 1939 552 2005 ratio
576 1942 627 2004 est
649 1940 848 2025 inperfectae
871 1941 918 2007 rei
936 1877 1132 2097 parteski

60 2046 96 2095 ac
114 2048 182 2093 non
204 2048 309 2113 posse.
341 2048 446 2112 neque
470 2027 556 2092 enim
579 2027 696 2093 dicitur
717 2028 819 2095 totius
837 2030 1041 2115 conpositip

114 2137 201 2201 esse,
225 2137 307 2203 quae
331 2116 396 2182 sint
418 2114 599 2200 inperfecti.
643 2120 681 2181 ut
704 2117 732 2181 si
755 2117 800 2182 sit
822 2117 986 2202 integrum
1010 2141 1131 2186 nomen

113 2206 295 2292 habeatque
322 2209 432 2290 partes
460 2209 629 2290 quattuor,
661 2205 694 2270 id
721 2210 771 2270 cst
799 2206 956 2291 syllabas,
987 2211 1025 2271 ut
1052 2207 1130 2273 Me·

113 2296 281 2378 centius,
313 2296 340 2359 si
372 2317 472 2360 unam
505 2295 665 2379 syllabam
697 2295 825 2360 demam
857 2294 1026 2379 dicamque
1056 2317 1132 2362 me·

114 2382 233 2464 acnti,
264 2382 316 2446 vel
344 2383 372 2446 si
400 2405 499 2447 unam
526 2405 636 2448 rursus
660 2383 804 2467 duasque
827 2404 962 2468 ponam,
992 2387 1030 2448 ut
1053 2388 1134 2451 sunt

61 2485 96 2535 ao
114 2489 257 2552 mezen,
283 2468 381 2533 huius
408 2473 519 2534 tamen
545 2474 683 2554 utraque
712 2471 838 2555 syllaba
864 2493 921 2536 me
951 2472 1077 2538 scilicet
1097 2476 1134 2539 et

114 2577 182 2620 aen
212 2558 321 2640 partes
352 2559 443 2640 sunt,
473 2560 506 2621 et
536 2577 609 2620 cum
640 2559 683 2622 sit
712 2560 893 2643 conpositio
925 2560 999 2643 ipsa
1030 2582 1131 2627 seam

114 2665 218 2709 vacua
250 2665 288 2708 ac
320 2643 365 2708 sit
395 2643 587 2729 inperfecta,
619 2649 729 2710 tamen
757 2648 905 2731 partibus
933 2649 1130 2717 consuetur

116 2729 303 2816 Syrianus
332 2732 432 2816 igitur
461 2733 594 2798 minime
625 2733 802 2800 audiendus
834 2740 899 2820 est,
931 2735 988 2801 sed
1019 2736 1134 2821 potina

62 2840 97 2890 ec
116 2819 373 2905 Porphyrius,
405 2822 460 2905 qui
487 2821 534 2886 ita
559 2821 793 2888 Aristotelis
824 2827 967 2889 mentem
1001 2828 1148 2893 serm·

36 2927 97 2979 ¹aaa
116 2909 261 2994 tiamque
283 2909 498 2994 persequitur,
519 2914 557 2975 ut
580 2910 647 2975 eius
668 2909 672 2994 Ι
693 2911 925 2998 definitionem,
948 2913 1033 2979 sicut
1053 2934 1136 2981 vera
1163 2908 1173 2967 Ἃ

117 3003 176 3084 cst,
199 2999 310 3064 labare
334 3001 367 3062 et
388 2997 423 3061 in
447 2998 608 3082 aliquibus
632 2999 705 3064 aliis
728 2999 909 3084 discrepare
932 3021 1001 3065 non
1022 3000 1134 3069 faciat

189 3172 298 3226 lneE
385 3171 476 3227 abac
494 3171 607 3226 ademia
625 3170 657 3240 S,
682 3172 849 3228 achademia
868 3171 900 3229 S¹
918 3179 943 3229 ct
960 3175 1042 3231 caari
1113 3178 1153 3241 8,

112 3243 196 3311 princ
213 3257 270 3296 non
288 3257 338 3298 om.
358 3243 379 3297 F
399 3243 475 3312 (cdd.
494 3242 541 3311 1⁴¹¹)
615 3242 847 3312 ‘laignificantb
918 3242 1081 3314 8ipsinsb
1115 3284 1124 3301 -.
1150 3244 1164 3267 '''

118 3319 150 3369 12
172 3311 336 3380 singulatim
355 3311 422 3366 TE'
486 3311 845 3385 16adcm.F(cdd.F¹)
896 3315 930 3367 18
947 3312 1050 3385 prioris
1067 3318 1149 3388 (οιῑ,

116 3381 260 3454 partes)b
310 3387 343 3436 22
362 3383 407 3453 ut]
426 3386 459 3440 ut
477 3384 560 3438 esar
612 3390 645 3438 23
665 3384 869 3454 dicaturqueE
921 3389 954 3439 2⁷
973 3400 1007 3440 ao
1025 3384 1142 3453 ΜΒ,

116 3461 151 3510 31
171 3452 267 3508 labere
287 3450 400 3506 S¹F¹E¹
1077 3472 1139 3521 ..aug
