2386 4342
522 563 625 619 lei.
1037 564 1083 627 55

59 707 279 792 placitumque
311 709 464 792 ponentis
494 711 635 793 aptatur.
683 707 811 772 nullum
843 707 930 772 enim
961 728 1081 775 nomeu

58 796 254 861 naturaliter
272 796 277 878 Ι
297 797 511 862 coustitutum
530 800 580 862 est
598 818 702 882 neque
721 818 876 882 umquam
895 796 980 861 sieut
1004 797 1079 861 sub·
1096 812 1169 877 nto

59 886 146 950 ieeta
177 905 229 948 res
260 890 378 950 natura
408 890 473 970 est,
504 886 552 950 ita
581 906 710 971 quoque
741 907 760 949 a
790 890 909 950 natura
937 886 1081 950 venienti

58 973 219 1038 vocabulo
247 978 468 1058 nuncupatur,
500 974 557 1039 sed
584 974 754 1040 homiuum
783 994 901 1059 genus,
932 974 1020 1059 quod
1048 979 1081 1038 et

57 1062 188 1127 ratione
211 1065 244 1126 et
266 1064 415 1128 oratione
438 1063 574 1148 vigeret,
596 1063 731 1128 nomina
751 1064 862 1147 posuit
884 1085 986 1149 eaque
1009 1065 1117 1148 qui-5

59 1151 121 1215 bus
146 1150 244 1215 libuit
265 1152 383 1216 litteris
402 1151 605 1236 syllabisque
627 1151 826 1235 coniungens
845 1153 983 1237 siugulis
1005 1153 1080 1217 sul)-

57 1240 217 1304 ieotarum
238 1261 347 1304 rerum
370 1239 563 1304 substantiis
586 1237 683 1303 dedit
713 1238 775 1302 hoe
798 1242 907 1303 autem
932 1240 991 1306 illo
1009 1263 1082 1324 pro·

58 1327 171 1408 batim,
200 1328 300 1411 quod,
330 1328 359 1391 si
387 1330 509 1391 natura
537 1327 648 1390 essent
676 1324 823 1407 uomina,
851 1325 965 1391 eadem
995 1328 1082 1410 apud

62 1435 176 1480 omnes
205 1418 315 1478 essent
343 1416 475 1498 gentes:
499 1417 536 1477 ut
558 1435 688 1497 seusus,
710 1413 864 1498 quoniam
887 1414 1082 1479 naturaliter

62 1508 149 1583 sunt,
171 1500 258 1566 idem
277 1501 363 1586 apud
389 1523 503 1567 omnes
523 1507 607 1566 sunt.
636 1523 748 1567 omnes
767 1503 853 1567 euim
875 1508 990 1589 gentes
1014 1525 1082 1568 nou
1102 1520 1137 1569 ιο

61 1590 136 1654 aliis
160 1589 224 1654 nisi
247 1591 325 1656 solis
349 1590 451 1655 oeulis
469 1591 648 1675 intuentur,
670 1591 807 1656 audiunt
830 1592 972 1677 auribus,
993 1593 1081 1657 nari·

61 1680 123 1744 bus
149 1678 338 1759 odorantur,
366 1700 422 1744 ore
452 1680 616 1764 aeoipiuut
637 1684 804 1765 gustatus,
826 1684 917 1747 tactu
939 1680 1081 1747 calidum

58 1767 110 1832 vel
138 1766 306 1853 frigidum,
336 1769 408 1834 leue
435 1769 488 1834 rel
515 1790 668 1854 asperum
690 1767 846 1834 iudicant
880 1774 978 1854 atque
1000 1770 1081 1835 haee

58 1856 244 1922 huiusmodi
268 1861 353 1942 sunt,
374 1862 417 1922 ut·
436 1858 523 1942 apud
540 1879 655 1924 omnes
674 1854 727 1941 (ut
744 1857 869 1922 dietum
887 1857 952 1943 est)
966 1862 1081 1943 gentes

58 1946 172 2011 eadem
193 1945 373 2011 videantur.
406 1947 479 2030 ipsa
500 1968 577 2011 vero
600 1967 684 2029 quae
708 1945 903 2027 sentiuntur,
925 1946 1081 2030 quoniam
1101 1961 1135 2008 io

58 2034 252 2098 naturaliter
284 2035 464 2100 constituta
499 2038 590 2117 sunt,
624 2054 695 2098 non
723 2036 902 2097 mutantur.
944 2033 1080 2098 dulcedo

58 2124 146 2187 enim
165 2126 198 2185 et
216 2121 411 2206 amaritudo,
434 2122 545 2186 album
564 2125 597 2185 et
618 2121 751 2205 nigrum
773 2123 808 2185 et
826 2142 991 2206 quaequae
1015 2121 1080 2185 alia

58 2210 209 2277 sensibus
238 2211 380 2294 quinque
408 2210 581 2293 sentimus,
609 2210 722 2274 eadem
750 2209 835 2294 apud
858 2231 971 2275 omnes
994 2214 1080 2274 suut.

59 2299 272 2383 nequeenim
291 2299 378 2382 quod
396 2297 489 2363 Italis
509 2298 600 2364 dulce
619 2301 671 2363 est
688 2300 844 2383 insensu,
866 2298 950 2364 idem
970 2297 1079 2364 Persis

58 2389 187 2453 videtur
211 2409 358 2452 amarum
380 2409 441 2453 nec
464 2387 551 2472 quod
575 2387 685 2453 album
709 2388 796 2472 apud
814 2409 875 2452 nos
899 2387 1000 2452 oeulis
1024 2385 1078 2451 ad·
1098 2401 1135 2449 ao

58 2479 161 2562 paret,
183 2477 271 2560 apud
287 2475 388 2541 Indos
405 2477 538 2560 nigrum
557 2482 618 2557 est,
638 2475 704 2539 nisi
726 2474 812 2538 forte
834 2475 942 2559 aliqua
965 2496 1080 2539 sensus

58 2563 265 2648 aegritudine
280 2567 491 2645 permutetur,
505 2563 638 2626 sedhoe
646 2561 732 2625 nihil
741 2561 911 2624 attinetad
919 2565 1080 2625 naturam.

59 2650 331 2805 {tltqlltt
342 2647 1080 2802 sagrus&afflfflaffitssaegffigs

57 2833 187 2913 rentur,
216 2826 328 2891 eadem
357 2758 472 2890 esseni
488 2825 574 2911 apud
605 2846 716 2889 omues
745 2827 859 2910 gentes
889 2847 950 2891 nee
978 2826 1079 2891 ullam
1099 2841 1134 2891 25

56 2918 260 3002 susciperent
283 2916 512 2981 mutationem:
544 2936 629 2980 nuno
653 2919 761 2979 autem
783 2915 891 2998 ipsum
913 2914 1079 2981 hominem

59 3008 124 3073 alio
144 3005 303 3071 vocabulo
322 3003 441 3088 Latini,
455 3005 521 3070 alio
540 3003 667 3087 Graeci,
681 3002 817 3069 diversis
837 3025 964 3089 quoque
983 3024 1080 3068 voca-

57 3096 142 3161 bulis
177 3094 333 3161 barbarae
367 3099 481 3179 gentes
514 3093 689 3178 appellant.
739 3114 821 3177 quae
851 3094 887 3156 in
918 3091 1078 3175 ponendis

57 3183 246 3248 nominibus
274 3183 436 3248 dissensio
464 3183 596 3268 signum
625 3186 675 3247 est
702 3203 770 3247 non
792 3180 999 3263 naturaliter,
1022 3180 1078 3244 sed

60 3270 102 3336 ad
130 3271 320 3354 ponentium
346 3272 504 3354 placitum
531 3272 795 3353 voluntatemque
823 3270 920 3334 rebus
943 3268 1078 3332 nomina
1099 3282 1135 3331 30

56 3360 160 3424 fuisse
184 3359 360 3442 conposita
398 3361 484 3425 idem
507 3380 636 3444 quoque
659 3361 835 3440 monstrat,
865 3355 951 3440 quod
982 3377 1079 3438 saepe

132 3531 350 3602 lplaoituq3T
423 3532 589 3601 leoquod
607 3530 652 3584 Fe
717 3527 956 3583 ideditom.T¹
1020 3529 1080 3582 8ai

57 3621 109 3660 om,
129 3603 167 3657 Τι
240 3607 294 3658 8.9
313 3603 412 3658 eadem
431 3606 523 3659 esseut
541 3619 587 3673 ap.
607 3618 632 3657 ο.
651 3601 722 3670 g.T
796 3605 829 3653 10
848 3600 896 3654 alt.
915 3598 992 3668 suut]
1012 3614 1080 3668 gen-

56 3679 100 3732 tes
120 3675 143 3728 Τ
201 3680 234 3728 15
254 3673 334 3742 vero]
354 3690 466 3741 quoque
483 3675 502 3727 b
558 3678 591 3727 1⁷
606 3686 751 3741 quaequae
766 3686 779 3724 e
797 3685 825 3723 e:
845 3685 951 3739 quaeq;
966 3670 1080 3733 codam,

57 3763 130 3815 quae
145 3747 187 3801 ed.
192 3746 286 3814 princ.
324 3748 360 3797 20
379 3743 544 3798 uideaturT
580 3741 645 3811 nos]
665 3687 797 3795 omuesg
814 3743 875 3807 (uos
887 3755 1025 3807 suprascr.
1036 3738 1080 3803 δ’)

56 3823 92 3873 26
111 3815 301 3872 metationem
321 3813 353 3867 S²
408 3818 442 3867 29
462 3813 592 3868 omnibus
611 3810 692 3865 ῬἘι
748 3809 883 3866 dissensio
901 3812 933 3864 in
951 3806 1080 3878 maras
