2386 4342
108 221 153 287 92
456 219 626 277 SECVNDA
644 218 771 276 EDITIO

109 367 234 452 homo,
262 367 416 453 quonium
444 366 527 431 nihil
555 365 717 450 designet,
749 386 815 430 non
842 368 892 429 est
923 363 1023 430 dictio
1047 362 1127 450 (hoc

110 461 160 521 est
190 457 277 521 enim
308 454 373 519 sed
402 477 478 521 uon
507 475 581 518 una
610 452 777 519 hominis
808 451 981 537 syllaba)
1015 454 1069 519 vel
1099 454 1127 520 si

109 545 256 610 videatur
284 543 412 627 quidem
441 541 637 627 significare,
668 563 743 625 pers
771 546 881 606 temen
910 542 953 605 sit
979 542 1126 609 nominis

110 637 143 696 et
165 630 389 716 consignificet
411 632 446 695 in
468 631 614 713 nomine,
646 631 681 694 in
709 633 780 696 tote
803 630 951 696 oratione
974 629 1060 694 nihil
1084 632 1127 696 si·

75 720 252 805 sgnifieut.
297 740 402 803 neque
431 719 517 783 enim
547 740 623 803 pers
653 719 812 784 cretionis
843 722 900 783 est
951 719 1037 802 quod
1066 740 1128 803 per

110 807 173 873 hoc
196 807 277 873 dixit
300 808 385 891 quod
410 809 470 874 uit:
498 830 566 873 nec
590 807 631 871 in
654 828 696 871 eo
720 807 818 892 quod
841 810 901 870 est
924 828 1036 872 sorex
1059 829 1127 872 rex

111 897 329 982 significat,
353 898 416 963 sed
439 918 510 962 vox
532 901 591 961 est
609 917 708 961 nunc
727 896 812 961 sola
829 894 912 959 nihil
926 895 1126 980 significans.

110 987 195 1052 unde
209 987 367 1071 probatur
384 986 571 1052 huiusmodi
589 985 763 1069 particulas
781 1005 849 1047 non
868 1004 938 1048 esse
957 983 1127 1050 dictiones.

109 1097 173 1140 vox
196 1076 281 1139 enim
306 1075 376 1139 sole
397 1095 465 1139 non
488 1078 538 1139 est
560 1072 675 1158 dictio,
697 1073 754 1139 sed
777 1094 839 1137 vox
862 1093 977 1155 perse
1001 1072 1126 1158 signifi·

58 1179 92 1227 10
111 1183 196 1226 oens.
243 1161 271 1225 si
294 1183 359 1245 qua
382 1165 489 1227 eutem
513 1165 602 1244 sunt,
630 1162 750 1245 inquit,
777 1160 924 1244 nomine,
953 1182 1035 1245 quae
1059 1162 1128 1227 sint

111 1249 349 1401 {onpositedex
378 1250 466 1350 eliis,
484 1254 533 1350 'ut
557 1253 618 1349 est·
635 1248 846 1401 οςιιίΐθέμε,
868 1249 1035 1401 demittunt
1044 1250 1127 1403 ffi

134 1358 185 1401 em
230 1358 295 1402 uun
318 1358 459 1402 amima
517 1359 568 1401 em
592 1359 619 1402 si
702 1358 795 1402 cani
832 1357 866 1401 se
934 1358 968 1401 er
991 1357 1026 1402 se

112 1358 307 1510 significent,
331 1357 578 1511 consignidlans
601 1337 720 1490 addid.
766 1387 809 1489 in²
824 1359 1025 1509 simplicibus
1049 1448 1126 1492 vero

111 1513 296 1579 nominibus
319 1535 379 1579 nec
401 1514 593 1600 imaginatio
616 1515 683 1579 ulle
707 1513 912 1599 significandi
936 1518 998 1598 est,
1027 1518 1066 1579 ut
1091 1516 1128 1580 in

60 1615 150 1667 loeo
175 1602 261 1687 quod
284 1607 334 1668 est
353 1601 501 1670 Cicero:
525 1606 633 1688 portes
657 1602 725 1667 eius
749 1624 822 1667 oum
845 1603 1009 1686 simplices
1034 1624 1127 1682 sono,

110 1695 180 1756 tum
209 1693 307 1757 etiam
334 1691 502 1758 intellectu
529 1696 658 1776 praeter
686 1691 857 1756 cuiuslibet
880 1691 1126 1776 imaginationis

96 1781 356 1865 “similitudinem
385 1785 469 1846 sunt.
519 1783 554 1846 in
581 1780 764 1865 duplicibus
792 1800 868 1844 vero
897 1780 967 1843 vult
994 1779 1125 1863 quidem

111 1869 417 2039 liiidigiiliii
447 1868 820 2021 {zlutulhffltztl
842 1868 1128 2023 puppim

59 2059 94 2108 20
113 2043 274 2126 conpositi
300 2043 441 2108 nominis
470 2065 586 2128 eorpus
610 1977 772 2128 designat,
805 1978 1011 2128 ipsumqvero
1036 2067 1128 2131 seper

112 2135 221 2200 retum
244 2129 295 2216 (ut
317 2132 447 2217 saepius
471 2133 592 2197 dictum
616 2130 679 2218 est)
702 2132 784 2197 nihil
807 2137 898 2197 extre
921 2133 1096 2227 significet

178 2220 251 2287 Est
280 2224 408 2287 autem
436 2222 563 2287 oratio
592 2221 712 2286 omnis
741 2221 891 2306 quidem
920 2221 1127 2306 significe-

111 2311 194 2374 tiva
229 2333 306 2375 non
343 2311 444 2375 sieut
479 2311 793 2393 instrumentum,
831 2310 895 2374 sed
928 2309 1127 2394 (quomed-

113 2397 263 2461 modum
286 2397 431 2463 dietum
455 2396 528 2483 est)
553 2397 759 2462 secundum
782 2398 980 2483 placitum.

59 2500 94 2549 25
182 2482 363 2549 Secundum
390 2486 546 2568 placitum
575 2507 644 2550 esse
673 2487 834 2552 orationes
858 2486 915 2551 illa
938 2508 989 2551 res
1012 2487 1128 2572 adpro·

113 2575 184 2657 bat,
217 2573 303 2657 quod
327 2594 438 2637 earum
460 2576 570 2655 partes
594 2574 768 2638 secundum
791 2575 948 2660 placitum
971 2579 1064 2661 sunt,
1095 2576 1129 2642 id

113 2665 163 2726 est
185 2662 285 2726 verba
312 2664 345 2725 et
367 2660 509 2725 nomina.
561 2663 646 2746 quod
675 2663 701 2727 si
729 2685 823 2728 omne
851 2664 1058 2746 conpositum
1086 2663 1129 2731 ab

112 2749 178 2833 his,
211 2770 250 2814 ex
279 2749 395 2833 quibus
424 2752 474 2813 est
496 2751 713 2834 conpositum,
747 2752 845 2817 sumit
866 2755 1034 2837 naturam,
1064 2774 1130 2820 vox
1166 2788 1169 2793 ·

114 2859 197 2922 quse
223 2837 385 2921 positione
414 2839 597 2908 ,constitutis
625 2840 759 2907 vocibus
787 2841 932 2924 iungitur
955 2841 1026 2924 ipse
1048 2862 1128 2927 quo*-
1162 2878 1171 2919 -;

60 2943 95 2991 30
115 2948 177 3009 que
193 2925 368 2990 secundum
385 2928 540 3010 placitum
559 2930 816 3013 positionemque
835 2928 1004 2994 formatur.
1027 2948 1131 3015 quere
1154 2924 1171 3019 'j

113 3014 324 3080 manifestum
356 3020 406 3080 est
438 3019 618 3084 orationem
650 3016 824 3083 seeundum
860 3017 1017 3101 placitum
1049 3014 1134 3107 esse',
1147 3016 1171 3097 ξ’

128 3259 134 3270 ·
185 3191 265 3245 2est
282 3190 372 3245 om.T
397 3191 481 3261 (enim
501 3195 545 3247 est
562 3191 609 3260 T¹)
718 3197 822 3245 4cum
842 3189 981 3260 significet
997 3191 1045 3262 1⁴¹²,
1063 3164 1151 3257 sodl-

113 3260 252 3329 sugnificut
271 3261 316 3330 1¹¹,
335 3278 390 3345 non
409 3262 547 3373 significet
565 3261 601 3314 Ει
674 3267 690 3315 6
710 3261 784 3364 quod
803 3261 845 3317 eit
859 3262 1002 3388 limieitFus
1020 3280 1142 3389 Tpossx.

113 3331 517 3474 pgtspmpficilppnpippplpppst
529 3332 611 3457 cllum?
648 3331 788 3458 sumddrex
807 3418 856 3457 oon.
878 3402 922 3457 SF
1003 3408 1040 3461 2⁹
1058 3366 1123 3477 qs]

113 3474 193 3543 (quae
212 3475 259 3545 Es)
1106 3478 1138 3547 -ῗι,
