2386 4342
524 531 579 587 lc.
600 538 624 587 1.
1034 531 1078 596 39

60 677 152 742 tione
181 677 288 741 valeat
318 675 511 759 permutari,
545 675 600 760 qui
631 677 709 740 sunt
738 674 863 740 scilicet
892 674 1076 742 intellectus

60 786 183 847 rerum,
215 765 271 849 qui
300 764 455 849 quoniam
482 763 676 831 naturaliter
704 767 781 828 sunt
806 763 985 848 permutari
1011 783 1077 829 non

59 856 207 936 possunt.
251 855 351 936 atque
378 852 441 918 hoc
469 857 519 919 est
546 852 631 938 quod
659 852 720 916 ait:
757 873 918 936 quorum
950 855 1077 916 autem

61 940 158 1006 haee
179 941 389 1024 primorum
412 944 540 1025 notae,
562 940 597 1004 id
619 943 670 1005 est
691 959 800 1024 voces,
824 939 976 1005 eaedem
1000 962 1076 1005 om·

60 1029 176 1093 nibus
208 1028 415 1112 passiones
448 1030 613 1110 animae,
643 1031 681 1093 ut
713 1027 952 1094 demonstraret
982 1042 1112 1094 vocese

60 1116 193 1201 quidem
207 1137 278 1182 esse
297 1116 449 1200 dieamus,
468 1138 605 1200 quorum
624 1118 734 1180 autem
751 1116 842 1198 ipsae
859 1137 956 1181 voces
976 1117 1076 1202 signi·

60 1205 212 1269 ficativae
238 1207 361 1287 essent,
388 1225 472 1289 quae
500 1206 576 1268 sunt
602 1201 727 1268 scilicet
750 1202 877 1266 animae
898 1203 1077 1288 passiones,

60 1292 191 1357 casdem
214 1292 301 1376 apud
324 1311 436 1356 omnes
465 1310 535 1354 esse
556 1310 617 1353 nec
637 1285 642 1374 Ι
661 1287 728 1352 ulla
754 1288 895 1369 ratione,
924 1291 1077 1374 quoniam
1094 1319 1122 1372 p.
1130 1306 1165 1357 80

62 1382 143 1444 sunt
170 1379 368 1443 constitutae
395 1378 600 1461 naturaliter,
628 1377 815 1460 permutari.
859 1398 918 1442 nec
943 1378 1076 1443 veroin

62 1465 126 1530 hoc
154 1465 313 1549 constitit,
344 1469 382 1530 ut
408 1466 447 1530 de
476 1466 554 1531 solis
582 1465 714 1531 vocibus
737 1468 833 1549 atque
856 1465 1074 1532 intellectibus
1096 1484 1130 1533 ιο

63 1552 261 1638 loqueretur,
289 1553 344 1618 sed
367 1555 520 1639 quoniam
542 1575 637 1620 voees
661 1558 758 1639 atque
776 1553 902 1620 litteras
920 1576 987 1619 non
1005 1576 1075 1621 esse

61 1641 254 1706 naturaliter
285 1643 480 1709 constitutas
509 1664 568 1728 per
596 1642 631 1706 id
661 1642 871 1727 significavit,
903 1643 989 1727 quod
1021 1664 1075 1709 aas

61 1750 129 1794 non
152 1729 237 1813 apud
261 1751 373 1796 omnes
396 1732 526 1817 easdem
549 1752 619 1797 esse
642 1731 824 1814 proposuit,
847 1752 959 1796 rursus
982 1732 1075 1796 intel-

60 1818 162 1882 lectus
185 1838 266 1902 quos
290 1819 418 1885 animae
440 1819 609 1902 passiones
632 1821 727 1884 vocat
753 1839 812 1902 per
838 1818 901 1883 hoc
924 1840 995 1885 esse
1018 1840 1074 1884 na·

59 1906 183 1971 tureles
202 1905 353 1991 ostendit,
375 1907 461 1991 quod
480 1907 566 1993 apud
584 1927 697 1972 omnes
715 1905 802 1971 idem
820 1906 898 1990 sint,
920 1906 1075 1990 aquibus
1096 1924 1129 1972 15

60 1993 93 2058 id
123 1995 173 2058 est
200 1993 418 2059 intellectibus
447 1993 488 2059 ad
514 2016 566 2059 res
588 1992 765 2057 transitum
786 1992 875 2057 fecit.
921 1993 967 2057 ait
988 1995 1075 2058 enim

60 2103 222 2165 quorum
252 2081 323 2146 hae
356 2080 655 2163 similitudines,
686 2101 747 2144 res
780 2079 897 2144 etiam
925 2080 1076 2145 eaedem

60 2170 124 2234 hoc
143 2168 266 2233 scilicet
285 2169 437 2249 sentiens,
460 2169 545 2254 quod
563 2190 615 2233 res
635 2189 761 2254 quoque
780 2168 973 2234 naturaliter
991 2169 1075 2253 apud

63 2277 176 2321 omnes
208 2257 356 2321 homines
390 2262 499 2322 essent
531 2257 674 2322 eaedem:
712 2257 796 2322 sicut
827 2256 917 2342 ipsae
950 2258 1075 2323 mimae

59 2344 229 2429 passiones
252 2366 333 2428 quae
357 2367 395 2409 ex
417 2345 514 2411 rebus
538 2348 709 2411 sumuntur
731 2344 817 2429 apud
841 2366 953 2411 omnes
971 2346 1074 2412 homi·
1094 2361 1130 2411 ao

60 2454 119 2497 nes
143 2432 274 2497 eaedem
297 2437 386 2517 sunt,
408 2434 456 2498 ita
479 2455 605 2517 quoque
629 2433 727 2497 etiam
749 2433 840 2516 ipsae
862 2454 914 2497 res
938 2454 1075 2515 quarum
1120 2428 1129 2446 ⁰

62 2520 291 2584 similitudines
334 2523 411 2585 sunt
452 2520 579 2584 animae
613 2520 782 2602 passiones
819 2519 949 2582 eaedem
990 2520 1076 2602 apud

63 2626 177 2671 omues
206 2610 291 2670 sunt.
338 2606 489 2689 quocirca
518 2626 645 2689 quoque
674 2603 840 2669 naturales
872 2608 961 2688 sunt,
994 2607 1076 2671 siout

64 2697 141 2758 sunt
173 2693 272 2758 etiam
303 2715 411 2759 rerum
443 2692 682 2776 similitudines,
719 2713 800 2777 quae
836 2697 912 2758 sunt
947 2695 1075 2760 animae

60 2782 240 2867 passiones.
281 2781 490 2848 Herminus
514 2803 589 2846 vero
613 2781 687 2846 huic
710 2785 759 2846 est
782 2782 977 2865 expositioni
1000 2805 1074 2850 con·
1094 2797 1128 2849 26

60 2871 189 2936 trarius.
249 2870 328 2936 dicit
359 2871 446 2935 euim
477 2891 545 2936 non
582 2891 652 2935 esse
684 2891 795 2935 verum
827 2870 957 2936 eosdem
988 2872 1074 2957 apud

60 2980 174 3024 omnes
201 2959 350 3025 homines
379 2980 448 3024 esse
470 2958 667 3043 intellectus,
695 2979 831 3043 quorum
855 2980 949 3024 voces
972 2959 1074 3045 signi·

59 3047 209 3113 ficativae
237 3048 311 3113 sint
357 3047 434 3132 quid
462 3047 562 3131 enim,
594 3047 714 3132 inquit,
745 3047 781 3110 in
809 3047 1073 3131 aequivocatione

60 3135 197 3219 dicetur,
228 3136 285 3201 ubi
312 3157 397 3201 unus
424 3135 573 3219 idemque
600 3136 690 3201 vocis
718 3135 833 3201 modus
856 3135 951 3219 plura
974 3135 1073 3221 signi·

60 3222 159 3287 ficet?
192 3223 248 3288 sed
271 3224 377 3308 magis
400 3223 485 3288 hanc
507 3223 680 3289 lectionem
703 3244 812 3288 veram
836 3227 945 3306 putat,
966 3226 1004 3287 ut
1026 3223 1074 3286 ita
1092 3236 1128 3285 eo

60 3311 114 3376 sit:
145 3332 304 3395 quorum
333 3315 457 3376 autern
485 3311 579 3375 haec
607 3312 818 3396 primorum
841 3313 971 3389 notae,
1002 3308 1073 3374 hae

60 3399 239 3464 omnibus
267 3400 473 3482 passiones
502 3399 652 3464 animae
683 3401 720 3463 et
747 3419 906 3482 quorum
928 3397 999 3460 hae
1023 3396 1073 3461 si·

59 3486 322 3570 militudines,
350 3509 410 3552 res
438 3487 557 3552 etiam
583 3487 668 3552 hae:
701 3488 737 3550 ut
764 3484 998 3550 demonstratio
1026 3485 1074 3550 vi·

133 3631 152 3679 4
169 3625 224 3681 hae
243 3625 504 3696 codices(item81)
567 3629 584 3678 5
603 3623 713 3678 animae
732 3623 797 3677 sunt
815 3623 918 3678 codices
937 3624 1009 3691 (item
1027 3627 1073 3690 82)

59 3701 93 3751 21
113 3712 233 3763 quarum
250 3696 283 3750 b:
302 3711 420 3762 quorum
437 3695 541 3752 oodioee
599 3699 633 3748 23
651 3690 780 3747 homines
798 3692 829 3761 F,
848 3709 917 3748 corr.
935 3692 971 3747 F'
1029 3708 1075 3746 rer

60 3766 183 3835 quoqb
255 3763 414 3818 28auntF
486 3766 634 3820 alentem
652 3777 702 3818 orn.
723 3761 755 3816 8¹
