2386 4342
99 218 106 227 .
126 186 170 252 46
475 180 645 238 secunus
663 181 788 238 norme

126 352 162 396 re
189 330 316 414 capitur
342 326 534 414 imaginatio
557 326 608 390 vel
631 325 729 390 etiam
752 325 901 410 quotiens
923 325 984 408 ita,
1007 327 1044 388 ut
1069 346 1143 391 sese

126 440 177 485 res
200 419 314 503 habet,
342 415 611 501 imaginationem
638 413 758 499 accipit
786 413 983 496 intellectus3
1011 412 1141 479 falsitas

126 529 202 573 vero
231 509 281 571 est
308 505 458 589 quotiens
486 505 543 568 aut
569 524 637 568 non
669 523 707 566 ex
741 502 887 568 subiecto
920 509 977 566 aut
1005 522 1074 566 non
1103 506 1152 583 ut·

127 616 198 660 sese
216 594 316 659 habet
333 614 386 658 res
403 591 595 677 imaginatio
615 590 771 655 subicitur
788 590 976 655 intellectui.
1004 588 1062 654 scd
1086 590 1142 655 ad·

91 682 191 749 chuc
225 683 266 747 in,
288 681 424 746 veritate
456 684 553 763 atque
586 678 732 744 falsitate
761 677 844 744 nihil
873 678 1020 763 equidem
1051 678 1142 743 alind

127 770 286 856 reperitur
324 769 388 835 nisi
418 767 574 854 quaedam
606 767 768 850 opinionis
798 765 955 832 habitudo
988 767 1030 830 ad
1065 767 1143 832 sub·

127 858 243 924 iectam
273 880 350 923 rem.
390 878 454 942 qua
483 857 568 921 enim
596 855 787 920 habitudine
817 859 850 919 et
877 853 1040 939 quomodo
1070 876 1143 920 sese

126 946 247 1013 habeat
279 946 471 1032 imaginatio
500 946 541 1010 ad
564 966 633 1009 rem
657 944 851 1025 subiectam,
879 942 941 1008 hoc
970 943 1078 1008 solum
1104 943 1143 1008 in

126 1035 187 1101 hac
216 1035 354 1102 veritate
383 1035 433 1099 val
464 1033 610 1099 falsitate
638 1033 840 1117 perspicitur.
882 1052 980 1116 quam
1010 1030 1143 1117 quidem

75 1140 108 1190 10
125 1123 351 1187 habitudinem
368 1122 478 1186 nullus
497 1120 613 1185 dixerit
631 1120 898 1203 conpositionem.
929 1120 964 1182 in
982 1119 1045 1184 hoc
1064 1141 1143 1184 vero

127 1209 294 1275 divisionis
313 1208 421 1272 nullus
440 1229 481 1272 ne
500 1208 593 1273 fictus
616 1208 746 1291 quidem
764 1208 877 1273 modus
900 1207 1048 1293 intellegi
1067 1213 1143 1293 pot·

127 1301 186 1362 est.
225 1297 305 1361 illud
333 1317 461 1381 quoque
493 1295 761 1362 considerandum
788 1298 851 1379 ast,
884 1317 1006 1361 numne
1030 1297 1144 1381 aliqua

128 1386 229 1451 sitin
251 1384 303 1449 his
327 1384 508 1467 conpositio
531 1384 582 1448 vel
604 1383 732 1469 divisio,
760 1405 842 1469 quaa
865 1384 1042 1450 secundum
1066 1385 1143 1450 sub

129 1472 284 1538 stantiam
312 1494 403 1538 suam
435 1493 511 1537 vera
543 1471 706 1555 dicuntur,
738 1476 776 1537 ut
806 1475 855 1537 est
883 1494 960 1537 vera
987 1473 1147 1557 voluptas.

77 1575 109 1627 15
128 1560 209 1626 bene
222 1561 362 1641 vivendi,
377 1565 413 1627 ut
426 1564 476 1627 est
489 1561 574 1626 falsa
591 1561 742 1644 voluptas
761 1560 911 1626 bellandi.
943 1561 1041 1625 etiam
1059 1562 1143 1627 illud

128 1671 255 1736 quoque
269 1650 504 1735 respiciendum
518 1653 577 1732 est,
600 1649 685 1734 quod
708 1649 743 1713 in
761 1650 906 1715 omnium
923 1649 1065 1714 maximo
1081 1648 1143 1715 deo

127 1738 283 1824 quidquid
312 1739 512 1824 intellegitur
542 1760 609 1803 non
638 1739 673 1802 in
701 1759 739 1803 eo
763 1737 956 1823 accidenter,
986 1737 1041 1801 sed
1065 1738 1143 1803 sub·

128 1827 325 1891 stantialiter
354 1826 563 1911 intellegitur.
596 1826 715 1891 etenim
743 1848 825 1911 quae
852 1825 939 1891 bona
965 1828 1042 1890 sunt
1065 1826 1142 1891 sub·

129 1913 324 1978 stantialiter
350 1913 389 1977 de
417 1935 454 1978 eo
481 1934 548 1978 non
580 1914 760 1979 accidenter
787 1914 955 1979 credimus.
997 1915 1083 1998 quod
1113 1913 1144 1979 si

76 2015 110 2066 20
128 1998 389 2065 substantialiter
402 2000 561 2066 credimus
576 2001 681 2084 deum,
699 2002 795 2067 deum
807 2022 883 2066 vero
897 2002 1007 2067 nullus
1021 2001 1143 2068 dixerit

128 2086 247 2154 falsum
269 2087 414 2174 nihilque
438 2089 473 2152 in
501 2109 539 2153 eo
563 2088 744 2154 accidenter
765 2091 885 2174 poterit
907 2090 1043 2172 evenire,
1066 2092 1145 2174 ipsa

128 2178 248 2243 veritas
276 2177 354 2243 deus
382 2176 538 2243 dicendus
565 2180 624 2242 est.
664 2177 720 2243 ubi
747 2177 848 2263 igitur
877 2177 1059 2262 conpositio
1087 2180 1144 2245 vel

128 2265 242 2332 divisio
264 2267 299 2331 in
317 2267 368 2332 his
392 2287 474 2353 quae
494 2266 653 2350 simplicia
675 2267 866 2332 naturaliter
889 2270 967 2331 sunt
988 2287 1048 2330 nec
1070 2267 1146 2332 ulla

128 2353 300 2417 cuiuslibet
320 2355 367 2419 rei
391 2354 574 2419 conlatione
596 2354 795 2440 iunguntur?
823 2376 922 2439 quare
944 2375 1011 2419 non
1034 2355 1145 2421 omnis

76 2453 109 2503 25
128 2439 248 2504 veritas
270 2461 374 2525 neque
396 2441 522 2515 falsitas
545 2441 630 2505 circa
653 2441 909 2524 conpositionem
932 2441 1146 2510 divisionem·

129 2548 191 2611 que
214 2529 356 2610 constat,
380 2527 435 2590 sed
460 2526 530 2590 sola
552 2529 681 2590 tantum
703 2547 785 2610 quae
807 2527 844 2589 in
865 2526 1070 2591 multitudine
1092 2530 1147 2598 in-

129 2614 316 2679 tellectuum
342 2614 380 2678 fit
407 2616 440 2677 et
467 2613 502 2676 in
528 2613 710 2695 prolatione
738 2612 871 2677 dicendi.
908 2634 985 2677 nam
1012 2611 1047 2676 in
1070 2615 1131 2701 ips«

130 2690 259 2785 quidem
273 2700 462 2767 habitudine
480 2699 723 2786 imaginationis
739 2704 771 2766 et
784 2700 832 2766 rei
849 2701 940 2766 nulla
958 2705 1103 2785 conposit

130 2793 192 2875 est,
219 2790 254 2854 in
282 2789 507 2855 coniunctione
535 2809 610 2854 vero
638 2789 858 2854 intellectuum
887 2791 1065 2874 conpositio
1092 2795 1104 2858 1

77 2892 111 2943 3ο
129 2898 207 2943 nam
221 2899 295 2943 cum
309 2877 379 2942 dico
396 2875 575 2943 Socrates
594 2877 779 2961 ambulat,
802 2878 864 2943 hoo
878 2878 984 2963 ipsum
999 2880 1104 2965 quido

200 3075 289 3124 2-4
306 3067 538 3138 imaginationem
552 3071 694 3125 —resin
711 3070 840 3141 moral*
911 3073 1061 3128 taltcram

129 3155 216 3209 supra
234 3140 321 3194 ΜΤ
368 3137 550 3194 4intellectu
568 3140 606 3241 T,²
620 3157 687 3197 corr.
703 3141 741 3194 'l'
787 3143 928 3225 lquiaT
975 3143 1065 3199 eliab

131 3214 165 3361 c
183 3208 591 3362 eacuuuu
612 3233 618 3265 =
636 3212 824 3367 eusci
842 3232 896 3369 a
909 3214 1018 3368 aas
1035 3229 1065 3369 &0

129 3349 245 3476 1111
256 3348 485 3493 timetur
500 3353 622 3491 ue.
641 3354 765 3479 dm*
782 3356 830 3411 l*
852 3356 965 3413 dmm*
982 3356 1048 3414 ⁰⁰⁶¹&
