2386 4342
111 185 175 252 106
462 183 633 241 SECVNDA
649 182 776 239 amulo

174 331 246 398 nst
287 334 415 396 autem
451 350 527 394 uua
563 329 690 394 oratio
727 328 978 394 enuntiativa
1028 352 1131 416 quae

108 443 222 486 unum
249 417 544 506 significatus}
571 417 845 483 coniunctione
873 439 961 500 una,
988 417 1129 502 plures

109 514 236 576 autem
277 526 373 592 quse
409 507 521 590 plura
556 511 595 572 et
631 527 707 571 non
743 528 858 572 unum
896 506 957 571 vel
989 506 1129 574 incon·

108 599 274 664 iunctae.

75 701 92 752 o
176 683 262 749 Hinc
299 686 501 749 monstratur
537 683 691 769 quoniam
721 687 793 748 tum
826 704 898 748 cum
936 683 1030 749 dixit:
1068 691 1131 752 est

112 775 237 838 autem
260 794 335 838 una
361 773 484 856 prime
512 772 639 838 oratio
668 772 918 851 enuntiative,
940 771 1129 839 adfirma-

111 862 181 941 tio,
205 862 342 929 deinde
364 863 537 948 negatio,
560 861 722 946 primam
743 882 811 926 nou
834 882 908 926 eum
931 861 971 926 de
994 882 1032 927 ea
1056 875 1131 928 ora·

112 951 199 1017 tione
223 952 356 1035 dixisse,
387 973 469 1036 quae
492 951 685 1017 naturaliter
706 971 773 1015 una
795 952 859 1034 est,
891 948 947 1015 sed
970 949 1009 1015 ‹ie
1032 950 1129 1016 adfir-

111 1043 263 1107 matione.
310 1040 454 1125 alioquin
479 1039 533 1105 hic
561 1061 688 1125 quoque
710 1042 860 1123 repetens
898 1039 946 1104 ita
978 1038 1128 1105 dixisset:

59 1145 92 1196 10
111 1132 169 1193 est
197 1133 323 1193 autem
351 1149 426 1193 una
452 1127 575 1211 prima
603 1128 729 1192 oratio
758 1127 1004 1192 enuntiativa
1027 1149 1125 1212 quae

110 1236 225 1280 unum
249 1215 463 1300 significat
495 1215 729 1299 sedquoniam
751 1236 818 1280 non
840 1216 887 1280 ita
910 1216 1000 1298 dixit,
1024 1218 1128 1293 meni-

109 1304 231 1369 festum
254 1307 303 1367 est
326 1302 412 1388 quod
434 1302 555 1367 dudum
579 1303 627 1367 ait
652 1303 814 1387 primam
840 1325 909 1369 non
936 1304 977 1369 ed
1004 1307 1125 1371 oratio·

109 1413 198 1474 nem,
224 1413 307 1476 quae
334 1393 463 1475 praeter
486 1390 747 1457 coniunctionem
773 1414 839 1456 una
862 1397 925 1472 est,
953 1393 1127 1479 rettulisse,

111 1479 168 1545 sed
195 1479 235 1545 ad
264 1480 536 1563 adfirmationem,
567 1502 665 1566 quam
687 1481 864 1567 negatione
887 1482 1028 1567 priorem
1052 1503 1123 1548 esse

59 1585 93 1637 1⁶
112 1573 286 1635 constaret
331 1570 387 1636 sed
417 1569 480 1635 hoc
509 1570 575 1634 iam
604 1571 752 1654 superius
782 1570 905 1635 dictum
934 1574 994 1635 est
1047 1570 1125 1656 quid

112 1661 221 1724 eutem
249 1659 311 1725 sibi
339 1659 418 1725 velit
444 1659 525 1724 haec
548 1660 761 1743 enumeratio,
793 1659 905 1743 paucis
929 1680 1126 1743 expromam.

110 1750 230 1814 multas
254 1749 340 1814 enim
364 1747 569 1814 confusiones
592 1748 777 1833 multosque
800 1748 837 1812 in
855 1748 1058 1813 orationibus
1077 1770 1124 1814 er·

111 1858 200 1901 rores
230 1836 285 1902 hic
316 1838 406 1902 locus
439 1837 562 1919 optime
594 1836 778 1902 intellectus
804 1837 1025 1921 veraciterque
1054 1859 1125 1921 per·

112 1927 225 2006 ceptus
256 1925 394 1987 sustulit.
448 1927 481 1987 et
510 1927 561 1988 est
588 1924 669 1989 haec
698 1926 859 2008 expositio
889 1947 986 2009 quam
1016 1927 1125 1991 nullus

57 2029 95 2080 2ο
114 2013 189 2076 aute
216 2009 472 2096 Porphyrium
499 2012 721 2094 expositorum
743 2013 833 2077 vidit.
877 2035 945 2078 non
968 2017 1018 2079 est
1039 2014 1127 2079 idem

111 2120 252 2186 namque
279 2121 380 2165 unam
411 2120 481 2164 esse
510 2100 689 2164 orationem
717 2102 750 2164 et
781 2102 1008 2187 multiplicem,
1040 2101 1127 2188 quod

112 2188 293 2274 simplicem
327 2193 360 2254 et
391 2188 609 2273 conpositam,
642 2191 676 2253 et
707 2188 807 2254 distat
833 2212 898 2255 una
926 2213 945 2255 a
975 2191 1128 2276 simplici,

111 2277 214 2343 distat
244 2279 343 2344 etiam
375 2277 543 2361 multiplex
576 2300 596 2342 a
628 2278 807 2361 conposite.
866 2283 917 2343 est
949 2299 1026 2365 ergo
1058 2301 1125 2344 una

112 2367 218 2429 oratio
249 2388 331 2450 quae
361 2388 464 2431 unum
494 2366 670 2450 signifieat,
702 2368 873 2451 multiplex
904 2370 1013 2432 autem
1041 2389 1126 2453 quae

58 2469 95 2519 ao
113 2474 181 2518 non
208 2474 323 2537 unum,
355 2453 411 2518 sed
439 2453 543 2536 plura.
587 2453 626 2518 fit
654 2459 762 2521 autem
789 2456 853 2521 hoc
880 2456 915 2520 in
937 2455 1126 2523 huiusmodi

110 2541 330 2625 orationibus,
357 2544 395 2605 ut
422 2563 495 2606 cum
518 2542 603 2608 dico:
636 2541 731 2611 Octo
763 2544 1024 2628 philosophus
1057 2548 1128 2611 est

111 2629 193 2694 haec
221 2629 325 2694 oratio
352 2650 419 2695 non
441 2633 491 2694 est
513 2652 592 2696 una:
623 2633 800 2699 nonenim
823 2654 925 2697 unum
953 2633 1126 2719 significat

110 2720 222 2802 potest
244 2718 331 2782 enim
354 2721 535 2784 monstrare
554 2725 587 2787 et
603 2720 790 2789 Catonern
808 2721 1032 2786 Uticensem
1056 2742 1127 2787 esso

186 2952 203 3000 4
219 2945 301 3000 certo
319 2944 406 3001 Arist.
425 2949 569 3006 conticeat
586 2965 670 3020 aeque
689 2948 727 3004 oct
745 2947 795 3003 sed
813 2947 876 3018 ipso
894 2947 1054 3018 proferente
1069 2950 1091 3004 b

112 3017 195 3071 uhic
213 3016 268 3071 NE
288 3017 367 3086 (corr.
387 3017 453 3088 E¹?)
527 3022 657 3075 enatem
675 3018 766 3075 cml*
841 3018 1063 3089 aprimaW
1112 3038 1115 3043 ·

113 3104 178 3142 eum
196 3087 294 3142 nonE
373 3088 511 3146 8dixisse
528 3090 686 3161 putandum
705 3089 784 3144 eetb
858 3095 891 3145 10
909 3090 1006 3146 autem
1023 3106 1075 3150 om.
1095 3088 1130 3147 8¹

112 3157 206 3228 prima
223 3158 319 3213 unul}
393 3167 426 3216 12
445 3162 537 3232 prime
554 3161 591 3215 F*
660 3165 694 3213 14
711 3159 750 3213 ad
767 3174 817 3216 om.
836 3159 859 3213 1⁴¹
880 3161 955 3229 (odd.
974 3160 1021 3231 1³¹)
1096 3164 1130 3217 1⁶

116 3228 272 3298 exprimam
289 3230 312 3284 l*
333 3234 412 3302 (corr.
429 3232 496 3301 1³¹2)
515 3232 548 3299 Τ,
576 3245 714 3299 exponam
734 3230 753 3284 b
836 3236 868 3286 19
888 3232 958 3286 haec
975 3235 1020 3287 est
1037 3230 1060 3287 t*

114 3299 207 3355 nullus
227 3303 417 3371 expositorum
435 3305 497 3373 (osa
516 3317 578 3370 exp.
597 3300 643 3369 2ο)
663 3300 684 3353 Ρ
780 3306 815 3357 20
832 3301 906 3357 uidit
923 3318 1016 3372 expos
1036 3303 1059 3358 Τ

114 3374 148 3423 22
168 3372 215 3426 alt.
236 3375 263 3428 et
281 3391 332 3430 om.
352 3375 385 3429 8¹
458 3378 501 3427 21.
521 3377 557 3425 21
575 3370 790 3440 a-multiplex
808 3388 859 3426 oco.
877 3371 914 3426 F¹
985 3378 1022 3429 24
1039 3370 1133 3431 aas

114 3443 221 3497 om.T¹
293 3442 422 3500 nositT
494 3442 849 3511 ceremonensem.
868 3441 930 3511 S¹?)
