2386 4342
522 582 578 636 Ie.
600 587 623 636 1.
959 580 966 587 '
1032 582 1074 647 21

59 723 195 789 litterae.
244 726 341 790 rebus
374 725 462 789 enim
495 730 571 790 ante
602 727 778 810 propositis
812 730 845 791 et
875 726 911 790 in
943 729 1076 811 propria

60 814 244 879 substantia
262 814 449 880 constitutis
469 814 655 880 intellectus
674 816 831 880 oriuntur.
860 837 970 880 rerum
989 816 1075 879 enim

59 923 186 985 semper
205 903 391 967 intellectus
412 907 498 986 sunt,
522 903 637 987 quibus
656 904 775 969 iterum
794 905 980 970 constitutis
999 926 1075 969 mox

58 991 255 1076 significatio
281 991 370 1057 vocis
399 992 550 1057 exoritur.
600 996 729 1076 praeter
756 993 957 1058 intellectum
983 1014 1074 1056 nam·

58 1102 121 1164 que
148 1102 212 1146 vox
238 1081 369 1165 penitus
396 1079 479 1144 nihil
510 1081 669 1165 designat.
712 1081 771 1145 sed
799 1082 952 1166 quoniam
979 1097 1111 1145 vocess

60 1173 144 1254 sunt,
168 1168 287 1233 idcirco
306 1169 446 1252 litterae,
470 1189 551 1252 quas
569 1189 723 1233 vocamus
742 1169 911 1252 elementa,
930 1174 1076 1253 repertae

60 1262 150 1343 sunt,
174 1258 291 1342 quibus
318 1277 436 1321 vocum
463 1255 606 1340 qualitas
628 1256 825 1338 designetur.
858 1255 899 1319 ad
922 1257 1080 1339 cognitio·

58 1368 135 1410 nem
164 1367 242 1410 vero
275 1343 457 1410 conversim
488 1362 559 1406 sese
588 1363 640 1407 res
669 1342 777 1407 habet
822 1363 962 1426 namque
992 1345 1077 1426 apud

59 1455 142 1516 quos
176 1434 309 1496 eaedem
342 1434 418 1495 sunt
445 1430 638 1495 litteraet
605 1434 638 1496 et
670 1431 726 1516 qui
758 1430 878 1496 eisdem
910 1432 1077 1497 elementis

60 1524 211 1603 utuntur,
244 1519 364 1584 eisdem
394 1539 521 1602 quoque
548 1519 735 1584 nominibus
763 1543 819 1586 eos
846 1542 885 1585 ac
907 1520 1016 1585 verbis
1043 1519 1077 1586 id
1096 1537 1130 1586 10

62 1612 112 1672 est
144 1608 277 1674 vocibus
310 1608 359 1672 uti
391 1629 521 1672 necesse
553 1613 604 1673 est
636 1612 670 1672 et
701 1609 756 1693 qui
787 1608 923 1674 vocibus
955 1609 1076 1674 eisdem

59 1700 208 1775 utuntur,
241 1697 327 1761 idem
356 1718 484 1782 quoque
514 1697 600 1781 apud
629 1718 685 1762 eos
712 1699 894 1764 intellectus
917 1698 953 1761 in
977 1698 1077 1762 animi

59 1787 270 1869 conceptione
293 1789 472 1851 versantur.
505 1785 561 1850 sed
584 1786 670 1871 apud
688 1808 769 1870 quos
787 1787 873 1852 idem
891 1786 1076 1851 intellectus

60 1878 148 1959 sunt,
181 1874 312 1938 easdem
344 1895 395 1939 res
425 1891 536 1938 eorum
566 1875 785 1940 intellectibus
815 1874 977 1940 subiectas
1007 1896 1077 1940 esse

59 1962 271 2028 manifestum
294 1965 353 2026 est.
405 1962 462 2026 sed
493 1962 556 2026 boe
587 1962 678 2027 nulla
710 1964 837 2028 ratione
869 1963 1077 2029 convertitur.
1096 1977 1130 2027 15

58 2072 199 2135 namque
229 2051 316 2133 apud
344 2072 425 2134 quos
456 2050 586 2114 eaedem
615 2071 667 2114 res
698 2052 775 2114 sunt
804 2051 953 2132 idemque
983 2050 1077 2113 intel-

58 2140 179 2220 lectus,
206 2159 274 2201 non
302 2139 415 2201 statim
430 2137 569 2201 veaedem
592 2158 686 2202 voces
710 2138 903 2221 eaedemque
928 2141 1003 2202 sunt
1024 2138 1077 2202 lit-

59 2233 157 2291 terae.
190 2247 267 2290 nam
288 2247 361 2289 cum
379 2224 557 2309 Romanus,
575 2223 717 2291 Graecus
742 2248 779 2291 ac
797 2226 956 2292 barbarus
981 2227 1079 2290 simul

59 2315 192 2379 videant
220 2335 352 2398 equum,
384 2314 508 2378 habent
537 2336 664 2399 quoque
691 2315 730 2379 de
757 2338 795 2381 eo
824 2315 960 2380 eundem
983 2316 1078 2379 intel-

60 2406 180 2469 lectum
208 2403 294 2486 quod
322 2425 423 2487 equus
453 2403 496 2467 sit
482 2406 556 2466 tet
583 2404 669 2487 apud
699 2425 754 2469 eos
783 2406 896 2469 eadem
922 2425 975 2467 res
1003 2404 1077 2468 sub·
1096 2418 1131 2466 20

59 2495 146 2558 iecta
173 2496 237 2574 est,
269 2491 355 2555 idem
385 2513 404 2554 a
431 2512 466 2554 re
494 2492 567 2573 ipsa
590 2491 771 2574 concipitur
793 2490 991 2573 intellectus,
1023 2491 1079 2555 sed

54 2576 203 2659 {aecus
227 2579 323 2642 aliter
346 2599 465 2660 equum
488 2581 598 2659 vocat,
625 2577 690 2640 alia
713 2599 841 2662 quoque
863 2598 926 2640 vox
948 2577 982 2640 in
1005 2578 1079 2678 equi

62 2664 301 2769 significatione
323 2664 474 2729 Romana
502 2668 552 2728 est
579 2667 612 2727 et
639 2664 796 2730 barbarus
821 2664 862 2730 ab
885 2658 1079 2749 utroquein

60 2757 134 2841 equi
159 2754 387 2854 designatione
412 2751 572 2817 dissentit.
549 2754 757 2836 tquooirca
786 2754 920 2818 diversis
949 2775 1078 2840 quoque

60 2866 154 2909 voces
182 2843 332 2927 proprias
361 2842 513 2906 element'
503 2864 531 2907 1s
558 2841 748 2908 inscribunt.
794 2846 880 2907 recte
907 2843 1008 2928 igitir
1031 2843 1077 2906 di·
1096 2855 1131 2905 25

60 2937 149 2999 ctum
178 2935 228 2997 est
256 2931 341 3015 apud
370 2951 452 3016 quos
482 2930 612 2995 eaedem
640 2953 692 2995 res
722 2933 870 3017 idemque
893 2931 1077 2996 intellectus

61 3025 150 3108 sunt,
181 3041 250 3086 non
278 3021 390 3085 statim
419 3018 505 3103 apud
528 3041 582 3085 eos
606 3020 658 3083 vel
681 3021 809 3085 easdem
832 3041 929 3085 voces
952 3021 1002 3084 vel
1025 3040 1078 3083 ea-

60 3111 135 3176 dem
163 3111 324 3174 elementa
352 3109 538 3174 consistere.
584 3109 748 3191 praecedit
775 3113 885 3173 autem
907 3130 959 3172 res
982 3108 1077 3171 intel·

59 3199 194 3281 lectum,
223 3197 407 3262 intellectus
429 3217 507 3261 vero
531 3218 657 3279 vocem,
685 3219 748 3261 vox
771 3199 912 3280 litteras,
935 3196 991 3261 sed
1014 3196 1077 3260 hoo

61 3285 207 3352 converti
229 3306 298 3348 non
319 3288 438 3369 potest.
465 3304 570 3370 neque
594 3285 679 3348 enim
703 3285 731 3348 si
753 3286 880 3348 litterae
903 3285 978 3365 sint,
1000 3305 1076 3346 mox
1095 3296 1130 3345 30

62 3375 172 3458 aliqua
187 3393 226 3436 ex
238 3372 290 3435 his
306 3372 499 3456 significatio
514 3373 603 3437 vocis
622 3372 756 3436 exsistit
779 3371 967 3437 hominibus
985 3392 1076 3434 nam·

61 3487 124 3550 que
148 3461 204 3546 qui
226 3460 353 3524 litteras
377 3461 531 3545 ignorant
548 3461 674 3524 nullum
692 3481 812 3526 nomen
831 3458 995 3543 quaelibet
1014 3458 1075 3522 ele·
1163 3543 1165 3546 Ι

61 3555 173 3618 menta
197 3547 391 3634 significant,
414 3549 533 3633 quippe
557 3569 639 3632 quae
662 3549 819 3613 nesciunt.
846 3569 906 3612 nec
931 3547 958 3611 si
980 3566 1076 3610 voces

134 3757 309 3830 lpoeitisF
382 3756 564 3811 ShabentT
624 3762 659 3811 20
677 3755 714 3810 sit
732 3754 836 3810 (ΜΨ
900 3761 936 3809 24
954 3751 1076 3822 designi·

61 3832 193 3890 fioatione
212 3830 245 3884 8¹
305 3835 339 3883 28
358 3826 536 3883 intellectum
552 3826 638 3882 reeb*
693 3831 727 3880 31
747 3825 915 3881 consistitll
