2386 4342
117 221 181 287 100
220 224 223 230 ·
468 218 639 274 ssovum
657 217 782 274 sorno

113 369 170 431 aut
191 366 340 448 verbum,
363 363 468 428 omnis
493 362 674 428 enuntiatio
698 362 835 447 simplex
857 362 1044 427 huiusmodi
1067 367 1127 447 est,

112 457 150 519 ut
172 474 299 538 semper
322 450 452 536 quidem
476 451 528 516 vel
551 451 686 515 verbum
709 451 762 515 vel
786 450 908 535 aliquid
931 451 1019 537 quod
1040 450 1127 517 idem

19 557 94 611 uste
112 542 230 626 valeat,
247 545 415 624 tamquam
435 540 463 605 si
482 538 640 604 diceretur
655 535 659 624 t
676 540 810 605 verbum
828 540 880 604 vel
899 560 1010 605 casum
1028 540 1129 622 verbi,

110 632 147 696 in
174 628 415 714 praedieatione
442 628 594 712 retineat,
627 627 682 692 sed
710 650 778 694 non
808 649 936 712 semper
965 628 1129 694 subiectus

74 735 90 785 o
109 718 268 785 terminus
291 717 330 782 fit
353 739 391 782 ex
413 717 553 801 nomine,
577 736 704 801 semper
724 720 836 782 tamen
859 716 1064 802 praedicatus
1088 739 1129 782 ex

109 809 230 879 verbo„
264 807 307 872 sit
338 806 425 871 enirn
452 805 639 872 huiusmodi
666 806 862 891 propositio,
895 827 976 889 quae
1004 809 1056 871 est
1082 807 1129 872 sot

109 898 223 984 oritur:
256 896 290 960 in
320 895 382 961 hae
412 916 489 981 ergo
520 894 741 980 propositione
771 895 857 979 quod
887 894 959 960 dieo
982 895 1028 961 sot
1051 895 1129 960 sub·

109 987 228 1051 iectum
261 989 324 1070 est,
362 985 448 1069 quod
479 1005 556 1050 vero
590 983 661 1049 dieo
694 984 794 1049 oritur
825 983 1039 1068 praedicetur.
1096 988 1130 1050 et

109 1079 262 1159 utrasque
290 1073 350 1138 has
378 1073 536 1137 dictiones
563 1073 720 1138 terminos
748 1093 842 1156 voco,
875 1072 931 1137 sed
954 1070 1129 1156 quodcum·

60 1178 92 1229 10
111 1184 173 1248 que
200 1162 291 1245 prius
319 1160 435 1225 dicitur
458 1161 494 1224 in
517 1161 657 1245 simplici
680 1161 915 1245 enuntiatione,
946 1160 1027 1224 illud
1051 1163 1129 1226 sub-

111 1251 231 1315 iectum
254 1252 317 1332 est,
344 1252 381 1314 ut
403 1250 438 1313 in
460 1248 523 1313 hec
545 1250 603 1332 sot,
631 1250 717 1333 quod
740 1270 815 1314 vero
838 1249 1015 1334 posterius,
1045 1249 1128 1315 illud

112 1337 327 1422 praedicatur,
359 1340 397 1401 ut
427 1338 463 1402 in
494 1336 606 1401 eadem
638 1339 746 1404 oritur.
802 1358 879 1424 ergo
911 1359 1045 1403 necesse
1077 1344 1128 1404 est

113 1448 241 1492 ornnem
261 1425 495 1491 enuntiativam
515 1426 704 1511 orationem,
723 1428 751 1491 si
769 1426 906 1510 simplex
926 1427 978 1512 sit,
992 1427 1129 1492 verbum

112 1515 148 1580 in
172 1514 410 1600 praedieatione
432 1515 582 1599 retinere,
605 1520 643 1581 ut
665 1515 700 1579 in
724 1515 836 1580 eadem
859 1517 940 1599 ipsa,
964 1536 1038 1580 eum
1057 1516 1130 1582 dico

61 1618 94 1669 15
113 1604 160 1670 eol
182 1605 289 1688 oritur,
313 1605 413 1669 oritur
435 1603 570 1669 verbum
593 1608 652 1688 eat,
676 1604 728 1669 vel
745 1603 832 1688 quod
850 1604 937 1670 idem
956 1605 1071 1688 valeat,
1093 1608 1132 1670 ut

113 1696 163 1758 est
189 1691 361 1759 Socrates
387 1714 450 1759 acre
478 1693 625 1758 ambulet.
662 1713 727 1758 eon
749 1693 890 1758 ambulet
912 1693 999 1757 enim
1021 1693 1131 1758 infini-

113 1786 183 1847 tum
206 1783 340 1847 verbum
364 1786 413 1847 est
437 1785 470 1846 et
491 1781 626 1847 verbum
649 1782 779 1866 quidem
801 1803 869 1847 non
892 1785 952 1865 est,
975 1781 1031 1846 sed
1055 1804 1132 1848 ean·

115 1870 187 1933 dem
218 1870 285 1933 vim
317 1869 435 1934 retinet
467 1891 563 1953 quarn
595 1871 738 1937 verbum.
785 1893 879 1935 casus
910 1871 1008 1935 etiam
1038 1872 1130 1937 verbi

114 1956 248 2041 ponitur
272 1977 381 2041 saepe,
404 1961 441 2021 ut
463 1957 637 2024 Socrates
657 1959 729 2038 ficit.
775 1959 940 2024 subiectus
963 1980 1040 2025 vero
1064 1963 1130 2025 ter·

61 2061 96 2109 20
114 2045 220 2109 minus
247 2066 314 2110 non
344 2065 470 2129 semper
497 2047 647 2112 consistit
672 2047 707 2110 in
735 2047 875 2112 nomine.
911 2050 1021 2131 potest
1044 2050 1132 2113 enim

114 2137 147 2198 et
176 2133 340 2199 infinitum
370 2156 490 2200 nomen
520 2134 654 2218 habere,
688 2139 724 2200 ut
751 2156 824 2200 cum
853 2136 923 2201 dico
951 2156 1015 2201 nen
1042 2136 1132 2204 tento

113 2224 266 2302 ambulet,
289 2226 399 2307 potest
421 2224 519 2289 etiam
543 2224 676 2289 verbum
683 2275 691 2308 ,
718 2227 756 2289 nt
778 2245 850 2289 cum
875 2224 946 2289 dieo
969 2225 1132 2292 anchelare

114 2314 228 2378 moveri
254 2317 306 2377 est.
354 2333 430 2398 ergo
459 2311 510 2400 (ut
537 2311 692 2398 arbitror)
719 2314 814 2397 plene
842 2316 1059 2379 monstratum
1082 2317 1134 2381 est

115 2420 183 2464 non
215 2420 341 2483 semper
373 2402 554 2468 subiectum
585 2423 705 2466 nornen
738 2422 820 2486 esse,
859 2423 986 2485 semper
1019 2407 1131 2470 autem

62 2500 96 2551 25
116 2486 335 2573 praedicatum
358 2490 393 2552 in
417 2490 486 2555 solo
509 2491 607 2555 verbo
632 2489 817 2555 consistere.
851 2491 1037 2577 adprobans
1052 2512 1132 2580 ergo

116 2576 216 2639 verba
247 2596 373 2660 semper
403 2577 438 2640 in
467 2577 762 2662 praedicationibus
791 2580 870 2664 poni
899 2579 962 2645 hoo
992 2579 1131 2648 addiditr

116 2664 180 2729 nisi
205 2663 296 2728 enim
325 2668 382 2728 aut
408 2669 457 2730 est
488 2669 545 2730 aut
567 2665 630 2730 fuit
654 2669 710 2732 aut
733 2667 855 2751 aliquid
877 2669 1067 2735 huiusmodi
1088 2668 1134 2737 sie

19 2818 22 2823 ,
117 2751 263 2818 additum
293 2756 350 2817 aut
378 2755 463 2838 quod
486 2754 573 2819 idem
596 2754 703 2820 valeat
726 2755 922 2842 adponatur‚
950 2758 1133 2826 enuntiatio
1173 2754 1184 2841 ’ζ

116 2861 183 2907 non
201 2841 247 2906 fit.
280 2863 352 2907 oum
372 2844 458 2907 enim
481 2843 553 2908 dieo
576 2842 665 2909 tomo
687 2849 739 2922 est,
763 2850 807 2911 est
828 2846 963 2911 verbum
986 2847 1023 2911 in
1040 2868 1134 2932 prae·
1178 2864 1181 2869 '

64 2945 98 2995 30
117 2929 277 2995 dicatione
304 2933 473 3018 proposui,
505 2931 556 2997 sin
583 2953 659 2997 vero
683 2932 792 2999 dixero
815 2934 903 3000 homo
925 2936 1012 3014 eicit,
1045 2935 1134 3003 idem
1149 2926 1185 3025 ΥΞ

116 3019 204 3084 valet
233 3023 401 3106 tamquam
432 3022 460 3086 si
490 3021 595 3086 dicam
624 3020 713 3087 homo
742 3023 829 3088 meus
857 3028 908 3090 est.
954 3043 1032 3109 ergo
1062 3044 1134 3093 non
1162 3008 1185 3095 ,ῗῖ

117 3129 212 3190 posse
240 3109 309 3173 sine
331 3111 430 3176 verbo
460 3109 717 3175 adfirmationem
739 3111 985 3197 negationemve
1009 3110 1133 3181 eonsti-
1154 3120 1168 3201 ';,

191 3338 206 3387 5
225 3334 360 3391 terminus
378 3352 428 3392 om.
448 3335 471 3389 T
490 3337 566 3406 (post
585 3354 694 3407 semper
712 3345 730 3392 4
748 3339 813 3394 edet.
832 3338 898 3407 T¹?)
946 3345 961 3394 7
981 3339 1025 3396 sol
1042 3340 1141 3399 orrum

119 3402 162 3458 eol
181 3403 239 3486 5OE
313 3412 345 3461 13
365 3422 405 3462 or.
424 3408 507 3462 ent?
585 3415 620 3463 23
640 3409 717 3480 ergo]
738 3427 804 3480 ergo
823 3412 866 3465 est
885 3409 903 3464 S
924 3412 978 3480 (est
994 3411 1047 3468 uec
1067 3410 1147 3491 8¹01*

119 3479 154 3529 27
173 3491 248 3529 ennn
267 3491 318 3532 om.
338 3477 385 3532 SF
