2386 4342
106 213 125 277 8
448 209 618 266 SECVNDA
636 209 761 264 EDITIO

107 356 269 440 ceptiones
298 355 398 420 animi
425 355 672 440 intellectusque
701 355 893 440 significent.

105 444 374 527 praedicamentis
403 447 510 508 autem
536 444 612 509 libri
638 443 777 508 intentio
804 443 839 506 in
861 444 929 508 eius

106 534 189 599 tario
222 533 310 598 dicta
341 534 405 617 est,
437 533 590 617 quoniam
618 533 661 597 sit
688 532 726 596 de
755 532 939 616 significatis

107 621 256 707 vocibus,
288 624 369 704 quot
394 620 541 705 partibus
565 620 716 686 distribui
737 621 840 705 possit
862 643 938 685 earu

73 709 193 774 beatio
221 709 266 773 in
283 711 426 793 tantum,
458 713 616 793 quantum
643 732 702 794 per
729 731 881 774 sensuum
905 714 939 773 at

107 798 249 863 leotuum
276 798 482 863 medietatem
509 820 561 863 res
588 797 751 864 subiectas
778 799 939 862 intellecti}

108 886 198 971 ipsae
225 887 357 953 valeant
384 887 563 972 designare.
608 887 644 950 in
672 908 768 969 opere
790 908 866 951 vero
896 887 939 951 de

107 997 174 1041 non
198 976 310 1042 eodem
334 977 431 1042 modo
455 976 569 1042 dividit
595 976 805 1058 locutionem,
832 975 887 1040 sed
917 998 939 1041 ο]

108 1065 187 1129 nino
209 1065 384 1130 locutionis
408 1067 517 1147 partes
541 1065 693 1148 adposuit
719 1065 912 1130 confirmans

58 1167 90 1215 10
108 1151 209 1216 tionis
236 1155 346 1235 partes
374 1152 545 1236 elementa,
573 1153 738 1236 syllabas·
760 1153 939 1218 coniunctis

110 1240 214 1324 culos,
235 1240 384 1324 nomina,
406 1261 514 1324 casus,
535 1240 650 1324 verba,
673 1240 845 1305 orationes.
889 1240 940 1304 loo

111 1349 172 1412 que
203 1350 271 1392 non
303 1328 339 1391 in
367 1328 445 1393 solis
474 1328 696 1414 significativis
727 1327 860 1393 vocibus
893 1349 939 1392 cor

111 1417 357 1501 supergrediens
399 1416 652 1501 significationes
692 1438 808 1482 vocum
849 1415 890 1480 ad
931 1439 939 1478 ε

112 1525 210 1569 sonos
241 1526 343 1590 usque
375 1504 533 1571 consistit.
588 1505 751 1588 quaelibet
783 1503 867 1568 enim
906 1528 939 1588 sy

59 1607 92 1656 15
112 1592 280 1678 quodlibet
306 1615 426 1660 nomen
452 1595 503 1659 vel
531 1594 694 1678 quaelibet
720 1594 785 1659 alia
812 1615 888 1676 vox,
920 1616 939 1676 q

111 1682 229 1747 litteris
267 1685 391 1768 potest,
427 1683 601 1748 locutionis
637 1683 767 1749 nomine
804 1683 939 1746 continet

112 1768 232 1836 Graece
260 1770 378 1837 dicitur
405 1768 498 1849 λέξις.
544 1770 688 1838 sednon
712 1771 823 1837 eodem
846 1771 939 1836 modo

112 1860 204 1923 tatio,
238 1858 314 1923 huic
341 1880 482 1944 namque
509 1882 576 1926 non
603 1865 654 1926 est
680 1861 774 1945 satis,
806 1864 843 1925 ut
871 1861 913 1924 sit

113 1967 176 2011 vox
204 1969 286 2031 quae
314 1948 433 2012 litteris
456 1949 563 2014 valeat
585 1949 748 2032 adnotari,
780 1948 835 2012 sed
859 1949 939 2012 adh

60 2049 94 2098 20
115 2036 192 2120 quid
215 2057 342 2121 quoque
364 2037 533 2122 significet.
564 2036 939 2122 praedicamentorum

115 2124 199 2188 ratio
224 2125 401 2191 constituta
424 2130 482 2210 est,
504 2126 538 2191 in
561 2148 624 2211 quo
647 2126 710 2191 hae
733 2126 814 2190 duae
836 2129 939 2208 partes

114 2213 249 2279 tationis
280 2236 331 2281 res
364 2215 581 2281 intellectibus
613 2215 775 2280 subiectas
808 2215 940 2300 designo

115 2303 268 2386 quoniam
290 2304 399 2370 decem
427 2327 479 2370 res
502 2305 633 2371 omnino
657 2305 691 2370 in
714 2304 804 2369 omni
825 2307 939 2368 natura

115 2393 183 2473 tur,
210 2391 320 2456 decem
342 2410 469 2478 quoque
496 2394 680 2459 intellectus
703 2396 811 2475 erunt,
839 2413 921 2476 quos

62 2489 97 2539 25
117 2479 271 2562 quoniam
293 2482 393 2545 verba
415 2481 613 2564 nominaque
636 2480 834 2564 significant,
857 2479 939 2542 decer

117 2569 211 2630 erunt
233 2568 503 2654 praedicamenta,
527 2590 608 2653 quae
625 2568 734 2632 verbis
753 2569 849 2649 atque
866 2586 939 2629 nom

118 2655 293 2740 signentur,
316 2657 379 2722 duo
402 2679 478 2722 vero
499 2655 658 2742 quaedam
675 2655 709 2719 id
727 2657 778 2719 est
794 2674 939 2717 nomen«

118 2764 201 2826 quae
222 2743 311 2827 ipsos
331 2745 515 2830 significent
532 2745 726 2809 intellectus.
759 2744 835 2806 sunt
852 2741 939 2826 igitr

117 2831 396 2914 interpretationis
420 2834 518 2897 verba
541 2836 574 2897 et
591 2832 734 2915 nomina,
756 2829 939 2915 propriaer

64 2934 98 2983 30
119 2919 235 3004 quibus
258 2920 331 3004 ipsa
353 2923 483 2985 constet
505 2920 731 3004 interpretatio
755 2923 831 2984 sunt
853 2919 939 2985 orati

116 3009 244 3074 tionum
273 3026 351 3073 vero
381 3009 464 3073 aliae
495 3013 572 3073 sunt
603 3008 791 3093 perfectae‚·
811 3008 939 3075 elisei]

190 3168 205 3215 '1
224 3163 271 3218 Ar.
289 3163 367 3218 Poet.
388 3179 410 3218 c.
431 3169 473 3219 20.

190 3330 207 3377 3
221 3338 276 3391 pro
294 3327 440 3392 quoniam:
459 3342 522 3380 oum
540 3325 562 3380 F
652 3331 669 3379 4
692 3326 766 3395 quod
784 3325 806 3379 F
896 3306 936 3381 pss}

118 3392 196 3463 FE',
215 3395 275 3448 arte
293 3396 325 3449 iu
343 3412 429 3467 morp.
450 3397 467 3452 S
541 3403 573 3452 17
593 3398 663 3452 lexis
682 3396 762 3452 FTE
838 3400 873 3452 81
891 3392 937 3461 alil

120 3461 186 3534 TE,
205 3463 278 3520 aliae
297 3467 397 3536 inperf.
417 3483 467 3524 om.
488 3467 506 3522 S
525 3471 557 3524 la
574 3486 660 3540 morp.
680 3469 760 3525 addit
779 3465 812 3523 S'
