2386 4342
131 213 175 278 54
478 211 650 269 SECVNDA
668 210 794 268 EDITlO

131 363 273 425 cernant.
306 358 393 445 quod
416 359 503 424 enim
527 357 649 423 addidit
672 379 791 424 nomen
813 370 923 424 vocem
947 380 1016 424 esse
1041 360 1146 444 signi-

130 448 306 532 ficativam,
334 447 375 512 ab
399 447 460 531 his,
483 447 623 533 inquam,
647 447 779 513 vocibus
798 448 1002 533 disgregavit
1024 469 1147 513 nomen

130 559 212 621 quae
225 537 309 601 nihil
323 536 455 602 omnino
471 536 660 621 significent,
673 538 710 600 ut
724 539 799 601 sunt
814 537 968 622 syllabae.
996 536 1146 620 syllabae

130 625 231 710 enim,
255 647 327 690 eum
351 646 391 689 ex
413 624 465 689 his
488 629 593 691 totum
618 646 738 690 nomen
762 629 902 709 constet,
926 625 1029 691 adhue
1053 626 1146 709 ipsae

94 713 213 778 anihil
236 713 367 779 omnino
391 713 585 798 significant.
617 716 695 779 sunt
716 736 843 799 quoque
867 714 1024 799 quaedam
1048 736 1147 779 voees

130 802 248 867 litteris
277 802 476 888 syllabisque
507 802 707 886 conpositae,
737 824 820 888 quae
849 804 971 869 nullam
1000 803 1147 869 habeant

130 891 412 976 significationem,
442 895 479 956 ut
508 896 558 956 est
585 891 734 974 blityri.
771 912 848 977 ergo
876 892 1030 975 quoniam
1059 892 1148 957 ride·

128 979 248 1046 bantur
275 1001 344 1045 esse
374 980 532 1065 quaedam
561 1001 654 1046 voees
684 1001 767 1065 quae
791 981 1027 1066 significatione
1056 1000 1147 1045 eare-

128 1074 213 1150 rent,
245 1090 367 1135 nomen
397 1070 482 1154 quod
514 1091 577 1134 vox
606 1072 656 1134 est
685 1075 718 1133 et
746 1070 881 1134 alicuius
909 1069 1146 1154 designationis

78 1172 110 1224 10
130 1178 257 1241 semper
285 1178 382 1221 eausa
412 1156 575 1240 profertur
603 1179 668 1222 non
701 1158 794 1222 aliter
821 1158 1035 1223 definiendum
1065 1163 1148 1240 erat,

129 1245 193 1310 nisi
212 1245 292 1310 illud
311 1267 331 1309 a
349 1267 417 1311 non
431 1245 690 1331 significantibus
709 1246 841 1311 vocibus
861 1249 1055 1332 segregaret.
1083 1248 1147 1311 ita·

129 1356 191 1419 que
215 1335 261 1398 ait
284 1356 403 1399 nomen
421 1355 491 1398 esse
510 1355 621 1399 vocem
641 1334 898 1419 significativam,
921 1339 959 1399 ut
977 1357 1055 1401 voee
1074 1336 1144 1421 qui·

129 1422 203 1488 dem
234 1424 275 1488 ab
303 1423 374 1488 aliis
399 1424 501 1506 sonis,
530 1422 766 1508 significatione
794 1445 869 1488 vero
894 1424 1004 1488 addita
1026 1423 1067 1488 ab
1092 1424 1147 1489 his

130 1532 212 1595 quae
227 1512 287 1578 sub
307 1533 385 1577 voce
405 1511 582 1577 suntnihil
601 1511 805 1596 designantia
827 1516 1058 1598 segregaretur.
1088 1514 1147 1578 sed
1167 1515 1175 1531 ⁹

78 1614 110 1665 11
129 1596 190 1666 1161
208 1601 353 1667 nondum
374 1601 415 1666 ad
434 1605 538 1666 totam
557 1600 780 1666 definitionem
804 1601 891 1666 valet
914 1623 1017 1686 neque
1037 1601 1149 1667 solum

128 1711 248 1755 nomen
270 1711 333 1754 vox
356 1690 576 1775 significativa
598 1692 657 1773 est,
685 1689 742 1754 sed
766 1694 843 1754 sunt
866 1690 1024 1774 quaedam
1048 1711 1148 1757 voees

129 1801 210 1863 quae
238 1779 421 1865 significent
445 1779 588 1864 quidem,
616 1779 672 1844 sed
695 1781 828 1843 uomina
851 1801 917 1844 non
942 1778 1022 1862 sint,
1046 1782 1083 1843 ut
1106 1802 1149 1845 ea

128 1888 210 1950 quae
227 1868 354 1931 anobis
368 1869 404 1930 in
418 1868 578 1951 aliquibus
589 1866 769 1932 adfectibus
784 1868 1002 1950 proferuntur,
1017 1872 1054 1932 ut
1071 1889 1149 1934 eum

129 1954 201 2038 quis
217 1954 374 2039 gemitum
387 1955 454 2018 edit
467 1957 519 2020 vel
533 1955 642 2020 dolore
657 1957 801 2020 concitus
822 1957 942 2021 emittit
955 1956 1145 2024 clamorem.

76 2059 110 2110 20
129 2042 210 2107 illud
233 2042 321 2107 enim
340 2041 460 2108 doloris
479 2043 588 2125 animi,
611 2043 692 2108 illud
715 2045 859 2127 eorporis
879 2045 1007 2129 signum
1027 2048 1087 2110 est.
1113 2050 1149 2113 et

130 2153 202 2197 oum
230 2132 296 2197 sint
319 2153 413 2197 voees
437 2135 470 2197 et
493 2131 678 2217 significent
706 2132 869 2217 quandam
892 2134 943 2198 vel
966 2134 1065 2198 animi
1090 2135 1146 2200 vel

129 2223 272 2306 eorporis
292 2222 486 2306 passionem,
508 2221 617 2286 nullus
641 2224 752 2286 tamen
775 2222 932 2307 gemitum
956 2222 1146 2289 clamorem-

129 2331 190 2393 que
214 2311 329 2375 dixerit
350 2333 478 2377 nomen.
515 2315 679 2377 mutorum
703 2331 829 2396 quoque
853 2311 1043 2375 animalium
1067 2317 1149 2379 sunt

130 2398 289 2480 quaedam
306 2420 401 2463 voees
420 2421 501 2482 quae
521 2400 716 2484 significent:
735 2403 773 2463 ut
792 2421 908 2465 oenum
926 2400 1064 2464 latratus
1078 2401 1149 2469 iras

78 2500 111 2550 25
131 2485 293 2570 signifieat
302 2508 427 2567 eanum,
441 2488 506 2552 alia
520 2509 595 2552 vero
605 2488 735 2552 mollior
749 2487 906 2569 quaedam
920 2488 1149 2557 blandimenta

131 2574 288 2659 designat.
327 2596 425 2658 quare
454 2574 580 2652 adiecta
612 2574 794 2640 differentia
826 2576 1041 2661 separandum
1074 2582 1149 2645 erat

129 2685 249 2728 nomen
278 2663 318 2727 ab
347 2663 397 2727 his
426 2664 577 2728 omnibus
601 2685 682 2747 quae
710 2683 803 2729 voees
828 2665 956 2749 quidem
979 2669 1089 2730 essent
1113 2672 1149 2734 et

130 2752 366 2836 significarent,
399 2752 455 2816 sed
489 2753 631 2817 nominis
660 2752 818 2818 vocabulo
850 2775 917 2818 non
946 2758 1147 2825 tenerentur.
1185 2784 1189 2789 ·

130 2839 207 2924 quid
229 2839 331 2924 igitur
354 2839 492 2905 adiecit?
519 2862 637 2906 nomen
665 2863 775 2906 vocem
800 2863 869 2906 esse
893 2843 1146 2928 significativam
1179 2852 1192 2869 ·'

78 2943 112 2993 30
129 2950 197 2994 non
215 2928 413 3013 simpliciter,
431 2927 487 2994 sed
506 2930 714 2994 seeundum
736 2931 932 3014 plaoitum.
965 2932 1145 3001 seeundum

130 3018 285 3100 placitum
299 3039 374 3083 vero
390 3022 448 3102 est,
468 3018 552 3102 quod
572 3019 747 3083 seeundum
766 3019 928 3103 quandam
946 3021 1148 3105 positionem

132 3260 150 3315 S
204 3198 297 3275 lesse
313 3193 455 3275 uoeemF
548 3192 661 3247 2adT
751 3193 962 3296 thebertl'l¹
1020 3194 1149 3253 'Iblitirl

131 3262 392 3389 onll'lbllthlrlt'ret
411 3264 678 3405 SaEeoeZeregaaequTut
697 3266 971 3404 sgssrtgnatrqurssst
988 3271 1148 3393 1111111111)Ιιι

132 3406 294 3479 segregaret
311 3405 342 3488 F·
407 3411 440 3461 23
460 3407 613 3462 multorum
632 3407 687 3476 SF,
707 3423 775 3461 corr.
791 3406 823 3461 8²
895 3413 930 3462 24
949 3407 1111 3480 signifieat

132 3478 166 3528 2⁷
185 3477 278 3531 essent
296 3476 409 3546 qurdem
428 3479 450 3532 T
524 3484 558 3533 31
578 3494 689 3549 propos.
709 3477 773 3546 FE,
793 3494 861 3533 corr.
880 3478 934 3533 13²¹
