2386 4342
162 162 196 227 36
501 160 670 217 SECVNDA
688 160 813 216 EDITIO

153 328 263 371 earum
292 307 414 372 scilicet
440 309 547 370 notae.
592 305 812 371 Alexander
835 327 911 372 vero
935 306 1031 370 aliam

153 396 241 461 modi
271 393 531 478 interpositionis
562 394 701 459 reddidit
732 416 870 459 causam.
921 395 1055 478 quonian

153 485 237 568 quit,
269 483 369 548 verba
397 485 430 547 et
458 483 591 547 nomina
614 483 881 566 interpretatione
905 483 1043 566 simplici

151 575 279 655 nentur,
301 571 405 636 oratio
428 592 503 636 vero
528 593 567 634 ex
589 572 696 636 verbis
719 572 968 655 nominibusque
991 592 1053 637 con

128 662 205 726 test
233 662 267 724 et
293 659 328 723 in
356 681 395 725 ea
421 660 486 724 iam
513 660 633 725 veritas
657 664 714 724 aut
736 658 864 725 falsitas
887 661 1052 724 invenitur

155 752 263 812 autem
297 749 433 832 quilibet
466 770 571 813 sermo
605 749 649 813 sit
682 749 829 831 simplex,
863 749 929 813 sive
961 749 1027 813 iam

152 837 325 902 coniuncta
347 841 444 921 atque
463 839 641 920 conposita,
666 858 706 901 ex
723 837 774 901 his
794 859 876 921 quae
896 837 1055 921 significat

150 930 296 991 mentum
324 930 457 991 sumunt
484 924 534 1013 (in
560 926 627 990 illis
650 925 738 990 enim
760 926 850 1008 prius
875 929 925 990 est
948 947 1055 990 eorum

151 1017 185 1077 et
207 1015 415 1097 continentia,
438 1017 514 1097 post
536 1015 696 1079 redundat
718 1015 754 1078 in
771 1012 893 1099 voces):
918 1015 1055 1097 quocircr

99 1119 133 1169 10
150 1102 240 1166 niam
271 1102 525 1187 significantium
555 1106 756 1167 momentum
785 1124 824 1166 ex
850 1102 902 1166 his
930 1124 1011 1186 quae
1042 1126 1055 1167 s

151 1194 267 1254 cantur
299 1191 416 1271 oritur,
448 1190 568 1256 idcirco
598 1191 689 1274 prius
718 1211 779 1254 nos
810 1191 849 1255 de
878 1190 929 1254 his
959 1213 1040 1274 quae

150 1278 241 1362 ipsae
266 1279 452 1363 significant
475 1279 588 1344 docere
607 1278 770 1363 proponit.
804 1279 860 1343 sed
878 1277 1055 1343 Hermint

150 1367 223 1433 loco
250 1366 471 1451 repudiandus
500 1370 559 1432 est
604 1367 688 1430 nihil
716 1367 803 1431 enim
831 1368 897 1431 tale
920 1368 1006 1452 quod
1029 1391 1055 1431 a«

152 1475 223 1519 sam
245 1455 434 1540 propositae
462 1456 644 1520 sententiae
667 1456 846 1539 pertineret
868 1457 1030 1538 explicuit

99 1559 133 1609 lo
151 1544 297 1609 xander
324 1565 444 1610 veros
446 1544 569 1611 trictim
597 1544 744 1627 proxima
772 1544 995 1629 intellegente
1022 1568 1055 1628 pr

149 1636 260 1698 vectus
283 1633 394 1719 tetigit
417 1634 546 1719 quidem
570 1654 710 1714 causam,
731 1655 799 1698 non
821 1636 932 1697 tamen
950 1633 1055 1716 princi

150 1722 312 1788 rationem
325 1723 555 1788 Aristotelicae
574 1682 807 1805 propositionis
827 1721 972 1786 exsolvit.
1006 1722 1055 1786 sed

149 1810 346 1894 phyrius
337 1832 442 1892 1psam
464 1810 591 1894 plenius
610 1831 741 1875 causam
761 1811 984 1896 originemque
1005 1832 1055 1874 ser

149 1897 245 1962 huius
268 1901 345 1961 ante
367 1899 477 1963 oculos
501 1898 691 1980 conlocavit,
714 1899 770 1982 qui
788 1919 916 1963 omnem
934 1898 1021 1981 apud
1039 1922 1048 1982 ι

96 2002 132 2059 ,ao
150 1984 366 2070 philosophos
394 1986 432 2050 de
460 1985 707 2070 significationis
734 1987 767 2051 ιι
794 1987 1034 2052 contentionem

151 2094 213 2157 que
245 2074 394 2140 retexuit.
448 2075 494 2139 ait
525 2095 664 2157 namque
701 2074 797 2139 dubie
834 2075 921 2157 apud
958 2077 1037 2139 anti(

151 2163 422 2249 philosophorum
441 2163 618 2229 sententias
638 2164 824 2229 constitisse
843 2163 919 2248 quid
935 2167 1021 2228 esset

99 2253 236 2351 quod
257 2253 391 2318 vocibus
415 2253 614 2338 significaret
614 2275 662 2317 ur.
692 2253 854 2337 putabant
876 2273 1015 2336 namque

99 2330 283 2404 vocibus
315 2339 479 2440 designari
511 2361 684 2426 earumque
716 2340 875 2405 vocabula
906 2362 976 2404 esse
1007 2361 1019 2403 ι

96 2441 130 2492 25
150 2427 331 2493 sonarent
321 2448 357 2491 m
370 2428 502 2492 vocibus
516 2428 770 2492 arbitrabantur.
793 2427 850 2490 alii
862 2447 940 2491 vero
954 2428 1012 2491 ino

149 2515 306 2602 quasdam
323 2518 457 2579 naturas
476 2514 728 2596 meditabantur,
751 2534 888 2597 quarum
910 2533 1007 2577 essen

149 2604 294 2670 cationes
313 2623 552 2704 quaecumque
552 2601 685 2667 vocibus
705 2564 965 2685 designarentur.
983 2598 1002 2663 Ι

149 2691 374 2776 aliquomodo
398 2691 520 2774 species
542 2690 749 2773 incorporeas
772 2688 926 2752 aemulati
944 2686 994 2751 dic

149 2780 257 2864 ipsum
270 2782 368 2846 homo
384 2783 417 2843 et
429 2778 510 2844 hoc
500 2799 607 2863 rpsum
617 2799 718 2863 equus
728 2797 795 2840 non
804 2776 889 2840 hanc
903 2775 989 2841 cuius

95 2883 130 2933 so
148 2869 266 2934 iectom
277 2867 503 2949 substantiam,
518 2866 574 2933 sed
585 2866 697 2930 illum
687 2886 795 2949 rpsum
809 2863 974 2928 hominem

149 2961 182 3022 et
193 2957 310 3023 illum
300 2978 409 3041 ipsum
425 2976 552 3039 equum,
564 2954 835 3020 universaliteret
848 2952 977 3038 incorpc

219 3136 236 3184 ι
250 3128 515 3214 interpraetationis
533 3130 556 3184 Τ
641 3135 657 3183 6
671 3143 726 3198 pro
744 3128 814 3182 iam:
840 3127 966 3185 ιιιιιιι

151 3200 207 3256 7
250 3200 415 3256 oontmb
489 3199 774 3270 leodinensem]
846 3198 960 3255 sodor

166 3270 335 3340 polemi}
379 3276 412 3326 22
431 3269 638 3327 sententiseS¹
681 3276 715 3324 24
734 3270 912 3410 θοιιιιιιέιιι,
903 3268 957 3337 ‚sl

148 3342 322 3397 uocubula'I'
372 3347 406 3398 25
426 3346 557 3398 sonarent
575 3359 635 3414 ιιι·
655 3344 825 3398 consuerunt
887 3356 950 3397 sons

31 3411 91 3491 ἱ
148 3412 291 3469 sonuerant
310 3413 333 3468 Τ
406 3419 439 3468 81
459 3431 562 3483 equum
581 3412 737 3485 srgmficare
755 3414 778 3468 T
