2386 4342
179 131 196 197 ὀ
451 153 455 164 ’
499 128 669 187 SECVNDA
687 128 811 186 EDlTlO

168 277 354 363 ingulorum
377 275 547 342 hominum
570 279 646 340 sunt
661 279 848 360 permutata
865 274 1031 341 voeabula
1068 295 1170 359 quem

159 366 236 432 enim
272 386 357 430 nuno
395 385 546 430 vocamus
583 362 800 449 Platonem,
838 362 1057 429 Aristocles
1090 367 1170 430 ante

154 454 327 521 vocabatur
355 456 388 518 et
414 453 469 538 qui
493 452 786 538 Theophrastus
814 474 900 518 nune
929 451 1059 537 dieitur,
1089 456 1169 519 ante

149 542 395 609 Aristotelen
419 563 438 606 a
457 541 523 607 suis
541 542 730 626 parentibus
749 541 957 626 Tyrtamus
982 541 1170 625 appellaba·

150 636 213 698 tur.
250 633 284 696 in
311 631 423 697 eadem
451 652 578 716 quoque
601 631 713 717 lingua
735 630 865 716 quando
888 630 983 714 plura
1006 629 1169 696 voeabula

150 721 206 787 uni
230 719 390 787 adduntur
412 719 467 805 rei,
490 723 691 787 monstratur
719 741 788 784 rem
809 720 898 785 illam
922 740 987 785 non
1009 718 1168 783 naturali·

149 809 219 896 bus,
234 810 290 876 sed
304 809 461 895 adpositis
473 808 659 874 nominibus
674 809 862 893 nuncupari.
891 808 1018 874 sienim
1033 811 1167 873 natura·

148 899 233 964 lib'us
252 899 438 965 nominibus
456 919 508 963 res
526 918 672 984 quaeque
690 901 869 980 vocaretur,
891 919 990 964 unam
1010 919 1077 962 rem
1098 916 1168 963 uno

148 991 276 1054 tantum
314 988 445 1053 nomine
484 987 695 1071 signaremus.
741 985 818 1071 quid
852 987 938 1051 enim
971 986 1103 1065 attinet,
1136 985 1167 1051 ei

101 1091 129 1140 lo
148 1075 312 1141 naturalia
342 1078 418 1140 sunt
444 1074 614 1158 voeabula,
642 1075 738 1139 unius
765 1074 811 1139 rei
834 1075 942 1159 plures
966 1095 1037 1139 esse
1059 1074 1167 1139 nomi·

148 1185 228 1229 num
252 1184 360 1249 voees,
389 1184 471 1248 quas
499 1162 540 1227 ad
563 1183 662 1227 unam
685 1162 938 1248 designationem
963 1163 1167 1229 demonstra·

149 1253 335 1336 tionemque
358 1251 606 1317 concurrerent?
639 1250 775 1316 dicimus
799 1253 883 1317 enim
907 1251 1076 1338 gladius,
1100 1273 1166 1317 en·

150 1342 219 1425 sis,
241 1362 370 1407 mucro
385 1343 418 1405 et
440 1339 520 1405 haee
542 1340 606 1405 tria
629 1339 670 1405 ad
692 1362 791 1405 unam
815 1341 993 1406 subiectam
1013 1339 1167 1405 substan·

150 1430 231 1494 tiam
244 1432 386 1495 currunt
414 1451 449 1494 er
473 1432 721 1495 omonstratum
739 1434 792 1495 est
811 1430 945 1496 nomina
963 1450 1033 1495 esse
1052 1450 1168 1494 seeun-

97 1534 131 1584 15
150 1518 224 1584 dum
254 1519 411 1602 placitum
438 1449 472 1583 id
500 1522 551 1583 est
580 1518 755 1584 seeundum
783 1518 970 1604 ponentium
997 1518 1166 1603 plaoitum,

149 1629 186 1673 aa
200 1608 227 1673 si
242 1608 363 1674 diceret
376 1629 495 1674 noman
508 1628 580 1673 esse
593 1629 706 1673 vocem
720 1607 848 1693 quidem
858 1612 892 1673 et
904 1607 1168 1693 significativam,

149 1697 289 1764 sednon
306 1697 500 1765 naturaliter
515 1696 775 1782 significativam,
794 1696 850 1761 sed
869 1696 1043 1761 seeundum
1063 1696 1166 1780 placi·

147 1790 217 1850 tum
241 1786 504 1868 voluntatemque
527 1786 691 1871 ponentis,
719 1785 781 1850 hoe
805 1785 928 1851 seilicet
951 1784 1097 1850 dividens
1121 1784 1166 1851 ab

148 1871 201 1937 his
224 1873 358 1938 vocibus
382 1894 464 1957 quae
486 1873 679 1938 naturaliter
697 1872 916 1959 designarent,
938 1877 976 1939 ut
1000 1877 1077 1938 sunt
1100 1874 1165 1939 bae

95 1976 129 2026 20
148 1962 199 2026 vel
219 1982 298 2046 quae
316 1983 376 2026 nos
395 1962 430 2024 in
447 1961 654 2047 passionibus
675 1961 918 2046 adfectibusque
940 1963 1163 2048 proloquimur

148 2051 199 2115 vel
223 2049 315 2116 edere
335 2050 490 2116 animalia
508 2053 598 2114 muta
618 2054 783 2116 conantur.
818 2051 874 2116 sed
896 2051 1042 2116 nondum
1065 2072 1156 2137 supra

149 2138 235 2206 diota
258 2139 438 2205 differentia
456 2141 586 2224 plenam
605 2139 746 2205 nominis
765 2140 903 2206 formam
925 2140 1148 2209 definitionem

149 2251 211 2313 que
224 2230 403 2294 const-ituit.
426 2233 476 2293 est
488 2248 629 2314 namque
638 2229 737 2294 verbo
752 2249 922 2294 commune
935 2250 1008 2294 oum
1023 2230 1140 2294 nomin

149 2317 235 2400 quod
263 2339 325 2382 vox
353 2318 556 2402 designativa
581 2321 617 2381 et
642 2316 819 2383 seeundum
841 2316 997 2402 placitum
1020 2321 1084 2402 est,
1107 2340 1134 2384 ss

96 2418 130 2468 25
150 2403 261 2469 addita
291 2404 473 2469 differentia
500 2426 581 2489 quae
604 2409 656 2470 est
678 2407 761 2471 sine
783 2409 955 2490 tempore
990 2427 1111 2472 nomen

149 2492 249 2559 verbo
268 2492 427 2557 distinxit.
448 2493 659 2577 nequeenim
676 2515 795 2559 nomen
815 2495 917 2560 ullum
935 2496 1119 2581 consignifir

149 2587 286 2666 tempus.
313 2582 403 2647 verbi
422 2603 562 2667 namque
581 2585 640 2667 est,
663 2602 736 2647 eum
755 2588 812 2649 aut
831 2585 941 2668 passio
960 2584 1112 2670 significa·

150 2672 206 2734 aut
226 2671 321 2754 aetio,
339 2671 480 2757 aliquam
499 2691 627 2756 quoque
645 2691 752 2738 seeum
770 2672 898 2739 trabere
911 2673 976 2737 vim
994 2676 1098 2759 tempo

149 2781 213 2844 qua
241 2758 321 2824 illud
349 2781 421 2825 oum
449 2761 501 2825 vel
523 2760 629 2825 faeere
656 2759 707 2826 vel
734 2762 804 2845 pati
831 2762 947 2826 dicitur
969 2761 1078 2848 profer

94 2863 130 2914 30
150 2869 223 2913 oum
247 2849 331 2913 enim
354 2848 426 2914 dico
451 2846 648 2933 Socrates,
674 2850 795 2915 nullius
818 2854 869 2916 eet
891 2851 1061 2935 temporis3

149 2958 224 3002 vero
252 2939 341 3023 lego
373 2938 424 3002 vel
451 2938 530 3022 legi
552 2939 604 3003 vel
626 2939 771 3023 legam,
796 2943 942 3024 tempore
968 2960 1037 3005 non
1063 2975 1066 2989 ·

149 3025 257 3092 addito
285 3047 363 3112 ergo
392 3026 518 3091 nomini
545 3025 631 3111 quod
659 3028 729 3092 sine
759 3031 904 3112 tempore
932 3049 1004 3094 esse
1026 3026 1058 3093 di

220 3187 236 3234 2
255 3181 407 3237 Aristocles
425 3199 485 3254 epo:
505 3182 669 3238 Aristoteles
686 3184 790 3239 codices
878 3187 964 3241 antea
981 3183 1033 3239 ΤΕ

149 3255 314 3308 concurrent
332 3253 355 3307 T
433 3260 468 3308 14
486 3255 654 3309 concurrunt
673 3253 706 3309 S²
782 3255 1007 3325 monstrallltum

147 3337 205 3377 non
223 3339 272 3380 ona
294 3324 317 3378 T
388 3330 422 3379 23
442 3325 619 3396 eonstitusslss
635 3325 653 3380 S
672 3325 707 3394 (it
725 3342 861 3396 suffossa
881 3325 943 3394 8¹2)
1015 3330 1029 3381 1

60 3394 209 3479 «ΚΜ
229 3396 272 3450 ert
285 3396 486 3466 peripteros
579 3402 612 3451 29
632 3396 699 3466 quia
717 3396 797 3452 ΡΨ
868 3404 903 3455 ³0
921 3400 1025 3467 tempor
