2386 4342
1163 612 1180 673 1

88 817 95 831 .
189 761 351 845 iunctique
379 759 503 824 divisio.
548 759 639 842 prior
671 761 722 823 est
753 758 856 842 igitur
887 755 1085 838 coniunctio,
1117 776 1193 839 quo·

188 852 239 914 est
258 848 453 934 adfirmati03
476 847 640 932 posterior
657 867 733 911 vero
752 847 876 928 divisio,
900 846 986 931 quod
1001 848 1051 909 est
1064 845 1189 929 negati·

189 936 269 1001 illud
300 958 425 1022 quoque
458 936 570 1019 adicit,
603 934 690 1019 quod
722 935 826 1000 omnis
858 956 917 1020 per
946 934 1193 999 adfirmationeo

189 1024 277 1088 facta
304 1024 485 1089 enuntiatio
514 1023 693 1108 simplicior
723 1023 767 1088 sit
792 1046 851 1108 per
880 1024 1089 1109 negationem
1119 1022 1193 1087 fact

76 1159 89 1170 .
192 1110 423 1176 enuntiatione.
472 1134 511 1177 ex
541 1113 717 1196 negatione
747 1114 833 1178 enim
863 1113 1022 1197 particula
1052 1113 1193 1213 negatiy

192 1200 220 1264 si
245 1198 373 1262 sublata
396 1200 448 1283 sit,
471 1200 654 1265 adfirmatio
678 1202 749 1266 sola
771 1201 972 1286 relinquitur.
1005 1201 1043 1265 de
1063 1222 1100 1266 eo
1120 1222 1152 1264 e·
1180 1232 1193 1256 ιι

191 1286 277 1371 quod
314 1290 364 1351 est
401 1285 584 1353 Socrates
621 1309 698 1354 non
729 1289 830 1353 vivit
866 1289 894 1352 si
931 1310 1009 1353 non
1045 1289 1193 1370 particul

74 1429 87 1437 .
191 1396 273 1460 quae
297 1379 348 1439 est
370 1375 559 1441 adverbium
583 1376 757 1461 auferatur,
779 1379 927 1442 remanet
950 1375 1130 1442 Socrates
1153 1377 1190 1439 vi

192 1464 259 1528 vit.
319 1463 496 1547 simplicior
525 1465 627 1549 igitur
657 1464 837 1530 adfirmatio
868 1468 918 1530 est
945 1487 1042 1551 quam
1065 1464 1191 1550 negati·

72 1604 84 1614 .
193 1552 283 1637 prius
313 1574 390 1618 vero
414 1553 464 1616 sit
492 1574 624 1618 necesse
654 1558 705 1619 eet
734 1555 819 1640 quod
850 1554 1030 1639 simplicius
1061 1559 1118 1619 est.
1191 1588 1193 1610 ι

112 1680 117 1695 ι
192 1641 376 1726 quantitate
399 1642 498 1706 etiam
522 1643 607 1726 quod
626 1643 667 1708 ad
686 1645 902 1728 quantitatem
919 1644 1027 1708 minus
1046 1647 1097 1707 est
1115 1642 1189 1727 priu

111 1718 117 1791 l
193 1733 244 1794 est
276 1751 313 1794 eo
346 1730 432 1815 quod
466 1730 506 1795 ad
539 1733 756 1816 quantitatem
788 1733 862 1817 plus
894 1737 954 1798 est
1000 1732 1105 1797 omnis
1127 1752 1193 1794 rer

73 1873 85 1881 .
191 1819 296 1884 oratio
320 1819 485 1903 quantitas
509 1824 567 1885 est.
596 1821 651 1885 sed
675 1843 748 1886 cum
772 1822 843 1887 dico
867 1819 1050 1886 Socrates
1074 1820 1187 1885 ambu

77 1948 85 1962 ·
190 1906 261 1991 lat,
284 1908 391 1972 minor
414 1908 517 1973 oratio
542 1913 592 1973 est
614 1932 713 1995 quam
736 1932 809 1975 cum
833 1910 904 1976 dico
924 1909 1104 1975 Socrates
1127 1930 1193 1973 no=

193 1997 377 2062 ambulat.
410 2020 509 2082 quare
534 1999 562 2062 si
585 1998 762 2063 secundum
785 1999 1000 2083 quantitatem
1023 1997 1193 2061 adfirmati

57 2099 64 2111 ·
194 2085 300 2151 minor
324 2091 382 2170 est,
405 2108 477 2151 eam
495 2088 637 2171 priorem
656 2108 782 2172 quoque
802 2108 872 2151 esse
890 2106 1022 2150 necesse
1042 2088 1100 2149 est
1127 2085 1186 2148 illu

194 2195 319 2259 quoque
338 2175 485 2240 adiunxit
504 2177 761 2241 adfirmationem
781 2174 943 2261 quendam
962 2195 1032 2238 esse
1050 2172 1190 2237 babituu

194 2263 403 2346 negationem
430 2286 506 2330 vero
529 2266 755 2349 privationem.
798 2265 853 2330 sed
875 2264 966 2349 prior
988 2262 1119 2327 habitus
1142 2261 1192 2344 pr'

197 2349 343 2416 ratione:
367 2351 549 2421 adfirmatio
572 2355 673 2439 igitur
696 2355 869 2439 negatione
892 2353 981 2438 prior
1005 2356 1063 2417 est.
1109 2354 1142 2415 et
1165 2373 1188 2414 n

195 2437 326 2524 singula
353 2443 503 2527 persequi
534 2444 693 2525 laborem,
726 2465 800 2509 cum
832 2443 905 2508 aliis
941 2462 1068 2527 quoque
1096 2439 1190 2506 ‘modi

196 2523 431 2594 demonstraret
463 2531 721 2598 adfirmationem
753 2533 929 2618 negatione
958 2552 1028 2595 esse
1056 2530 1189 2613 priorem

72 2669 84 2677 .
193 2633 213 2675 a
235 2618 400 2681 communi
421 2639 476 2683 eas
499 2640 616 2704 genere
640 2622 811 2707 separavit.
844 2621 952 2684 nullas
974 2619 1060 2682 enim
1085 2617 1190 2700 specie

60 2720 66 2730 ·
195 2700 374 2766 arbitratur
402 2704 463 2768 sub
493 2708 605 2773 eodem
634 2730 751 2795 genere
782 2731 851 2775 esse
881 2728 993 2793 posse,
1024 2707 1059 2769 in
1089 2706 1190 2789 qulb'u

194 2789 284 2873 prius
316 2789 368 2855 vel
400 2793 560 2873 posterius
592 2798 822 2864 consideretur.
873 2796 930 2862 sed
960 2794 1186 2878 Porphyriu

59 2894 66 2905 ·
193 2878 241 2942 ait
264 2900 334 2943 sese
357 2878 504 2944 docuisse
527 2884 651 2967 species
669 2886 902 2954 enuntiationis
923 2905 993 2950 esse
1012 2883 1187 2947 adfirmati·

77 3016 90 3026 .
122 3008 126 3049 :
194 2987 270 3032 nem
289 2973 323 3033 et
334 2967 550 3054 'negationem
568 2971 604 3034 in
620 2971 673 3037 his
691 2975 932 3041 commentariis
953 2994 1034 3057 quos
1053 2972 1088 3035 in
1102 2968 1192 3036 Theo

17 3157 23 3169 .
82 3119 91 3151 ‚
123 3090 126 3095 ·
193 3055 363 3139 phrastum
387 3057 500 3141 edidit3
533 3057 587 3123 bic
609 3080 686 3125 vero
709 3060 925 3129 Alexandri
953 3060 1192 3147 argumentatio

194 3165 269 3209 nem
301 3148 361 3212 tali
393 3147 520 3212 ratione
553 3146 710 3215 dissolvit
760 3150 806 3214 ait
837 3151 924 3217 enim
956 3172 1024 3216 non
1059 3155 1188 3233 oporter

63 3246 69 3258 ·
125 3296 128 3303 ,
195 3234 360 3319 arbitrari,
395 3258 616 3321 quaecumque
649 3238 795 3323 quolibet
826 3239 922 3304 modo
955 3241 1066 3325 priora
1098 3259 1191 3302 essen

11 3381 15 3395 ,
125 3322 129 3415 ξ
191 3322 273 3405 aliis,
292 3344 330 3387 ea
348 3323 407 3388 sub
427 3326 539 3390 eodem
559 3347 675 3411 genere
694 3329 700 3407 Ι
719 3329 798 3412 poni
816 3350 883 3394 non
900 3348 1009 3412 posse,
1033 3327 1088 3393 sed
1107 3348 1189 3412 quae

126 3420 131 3497 ξ
190 3430 326 3494 eumque
346 3414 519 3479 secundum
539 3437 608 3480 esse
627 3438 721 3481 suum
740 3420 837 3502 atque
856 3417 1076 3482 substantiam
1092 3415 1193 3499 prior

11 3510 93 3593 ivit,
126 3520 131 3587 1

11 3619 93 3683 ega-
127 3596 131 3661 ἶ

18 3709 93 3752 con·
128 3706 132 3747 ι

24 3809 93 3862 utb
129 3850 133 3901 Ι

27 3879 91 3932 fitT

108 4042 135 4255 l

192 3500 243 3564 rel
272 3500 454 3585 posteriora
482 3509 572 3588 sunt,
605 3527 644 3570 ea
671 3505 741 3572 sola
769 3506 829 3571 sub
858 3506 971 3571 eodem
999 3524 1115 3590 genere
1137 3526 1193 3569 no«

190 3593 364 3674 ponuntur.
411 3594 444 3654 et
469 3595 555 3657 recte
583 3593 709 3662 dieitur.
756 3595 784 3660 si
812 3595 898 3660 enim
927 3614 1023 3659 omne
1052 3594 1193 3680 quidqui

263 3728 406 3785 resima.
427 3729 531 3784 S¹TE¹
604 3734 920 3862 lesquoqprioremll
993 3747 1122 3788 esseom.
1143 3731 1188 3786 Sl*

191 3804 226 3855 22
245 3801 390 3883 separaret
404 3802 459 3884 SF,
478 3816 507 3856 se
527 3803 626 3859 arabat
679 3807 724 3876 Ρ,
743 3807 857 3876 separat
874 3804 897 3858 T
980 3803 1073 3888 pullus
1094 3801 1155 3857 δι’*

192 3874 228 3924 24
245 3869 354 3940 ahqurd
370 3891 448 3942 prius
467 3871 492 3926 G
527 3870 549 3925 Ε
622 3876 814 3933 consideratur
831 3876 854 3930 F
926 3881 961 3930 26
979 3892 1015 3930 ua
1033 3873 1070 3927 F'

243 3968 322 4012 Βοιιιι
335 3974 455 4013 commeat.
468 3970 498 4011 Π.
986 3967 1012 4016 ¹2
