2386 4342
167 155 211 220 32
514 151 829 210 aaovuuiumno

170 304 220 366 est
250 304 284 365 et
316 305 393 367 sunt
425 298 584 385 quaedam
617 298 851 384 significativae
880 319 961 381 quae
989 295 1180 361 naturaliter

169 411 237 454 non
264 390 426 474 positione
455 387 646 473 significent.
683 387 769 471 quod
797 387 826 452 si
848 387 896 450 ita
918 385 1066 467 dixisset,
1098 385 1180 452 nihil

170 479 211 543 ad
247 479 478 563 proprietatem
515 477 688 541 uerborum
724 479 757 540 et
792 475 961 541 nominum
997 475 1180 558 pertineret

171 566 323 651 quocirca
355 566 460 631 noluit
491 565 705 630 communiter
735 564 839 630 dicere
866 585 975 646 voces,
1012 563 1068 628 sed
1101 563 1180 629 dixit

135 657 299 719 stantum
321 676 365 719 ea
388 676 483 738 quae
507 654 659 718 suntin
681 675 782 718 voce.
814 674 877 717 vox
895 653 982 717 enim
1000 653 1180 717 universale

167 743 319 827 quiddam
337 747 396 827 est,
419 743 552 808 nomina
571 764 647 807 vero
665 745 699 807 et
716 742 817 807 verba
833 745 952 825 partes.
975 763 1051 825 pars
1070 746 1180 806 autem

168 832 273 897 omnis
288 832 322 898 in
339 837 410 898 toto
431 838 488 899 est.
517 832 615 897 verba
634 851 711 916 ergo
731 834 764 895 et
782 831 915 895 nomina
933 831 1087 915 quoniam
1106 834 1180 894 sunl

167 920 254 985 intra
272 943 392 1006 vocem,
410 927 497 988 recte
516 922 637 986 dietum
656 924 707 985 est
730 942 773 985 ea
797 941 893 1004 quae
912 920 1058 984 suntin
1077 941 1180 1004 voce,

167 1009 257 1073 velut
285 1011 313 1074 si
340 1011 473 1076 diceret:
502 1032 584 1094 quae
611 1011 698 1074 intra
721 1030 834 1074 vocem
858 1009 1065 1073 continentur
1088 1008 1180 1074 intel·

117 1112 149 1160 10
167 1097 309 1162 lectuum
332 1099 536 1182 designativa
559 1101 643 1161 sunt.
671 1097 728 1161 sed
750 1098 813 1162 hoc
836 1097 940 1161 simile
963 1101 1014 1161 est
1032 1119 1070 1161 ae
1089 1097 1116 1161 si
1135 1098 1180 1162 ita

170 1183 316 1249 dixisset:
344 1208 407 1251 vox
430 1190 517 1250 certo
541 1186 638 1251 modo
662 1207 732 1250 sese
756 1185 879 1249 habens
903 1185 1067 1269 significat
1089 1187 1180 1251 intel-

170 1273 283 1338 lectus.
327 1296 394 1339 non
422 1275 508 1338 enim
538 1273 589 1358 (ut
616 1274 739 1339 dictum
763 1271 826 1358 est)
849 1295 969 1338 nomen
992 1277 1025 1339 et
1048 1275 1180 1340 verbum

167 1382 264 1427 voces
286 1365 415 1427 tantum
439 1366 524 1427 suut.
556 1364 640 1428 sicut
662 1383 814 1428 nummus
838 1383 966 1447 quoque
988 1365 1180 1429 nouaclum

169 1470 224 1514 aes
247 1450 431 1535 inpressum
454 1451 593 1537 quadam
611 1453 718 1536 figura
736 1455 794 1535 est,
816 1454 855 1514 ut
871 1473 1021 1516 nummus
1040 1458 1180 1537 vocetur1

118 1553 149 1601 15
170 1538 226 1602 sed
253 1540 351 1605 etiam
380 1547 417 1607 ut
440 1540 574 1607 alicuius
596 1541 643 1605 rei
667 1541 710 1605 sit
732 1541 886 1624 pretium:
919 1540 1031 1606 eodem
1055 1562 1180 1627 quoque

168 1629 265 1694 modo
295 1631 394 1696 verba
424 1634 456 1696 et
484 1631 618 1696 nomina
647 1652 715 1695 non
748 1629 852 1694 solum
880 1651 975 1694 voces
1006 1633 1094 1712 sunt,
1128 1632 1180 1696 sed

168 1719 293 1800 positae
317 1720 358 1785 ad
380 1720 544 1804 quandam
567 1719 790 1784 intellectuum
810 1718 1089 1804 significationem.
1120 1741 1180 1785 vox

168 1806 257 1869 enim
279 1829 362 1891 quaa
384 1808 467 1872 nihil
490 1808 653 1892 designat,
682 1812 719 1872 ut
741 1812 792 1872 est
815 1807 988 1893 garalus,
1011 1807 1087 1872 licet
1111 1830 1176 1873 sau

169 1896 373 1975 grammatici
399 1896 538 1980 figuram
564 1897 653 1962 vocis
679 1897 845 1961 intuentes
872 1917 992 1961 nomen
1016 1917 1086 1961 csse
1110 1919 1168 1962 con

7 2064 8 2068 Ἰ
70 2028 74 2034 .
117 1980 319 2068 retendant,
346 1988 458 2049 tamen
486 2005 556 2048 eam
579 2006 698 2049 nomen
722 1984 932 2069 philosophia
954 2006 1022 2051 non
1044 1987 1163 2069 putabi

169 2069 234 2135 nisi
257 2071 300 2136 ait
321 2073 431 2157 posita
459 2076 496 2137 ut
518 2073 688 2159 designare
712 2072 813 2137 animi
837 2073 977 2158 aliquam
1000 2075 1157 2159 concepti·

168 2179 244 2225 nem
267 2184 368 2247 eoque
392 2162 488 2229 modo
512 2183 620 2227 rerum
643 2162 766 2247 aliquid
789 2163 903 2247 possit
926 2163 1046 2228 etenim
1063 2184 1151 2228 nom«

170 2248 305 2315 alicuius
332 2274 454 2318 nomen
482 2273 552 2317 esse
579 2274 710 2318 necesse
738 2252 813 2337 erit3
847 2252 904 2317 sed
931 2253 960 2317 ai
988 2274 1051 2317 vox
1075 2252 1145 2337 aliq·

168 2334 250 2399 nihil
273 2336 431 2424 designat,
453 2340 573 2404 nullius
592 2362 713 2405 nomen
731 2343 794 2424 est3
818 2361 919 2424 quare
937 2341 967 2404 si
984 2340 1105 2404 nullius
1124 2363 1138 2406 e

117 2434 151 2484 25
169 2442 211 2486 ne
233 2444 354 2489 nomen
376 2427 507 2511 quidem
529 2447 599 2490 esse
623 2426 756 2491 dicetur.
793 2430 890 2509 atque
907 2425 980 2490 ideo
999 2426 1129 2492 huiusm

169 2531 233 2575 vox
256 2511 362 2578 idest
385 2513 603 2599 significativa
625 2534 692 2578 non
716 2534 780 2577 vox
801 2516 944 2596 tantum,
971 2512 1028 2576 sed
1050 2513 1126 2576 verb

168 2603 304 2665 vocatur
327 2606 384 2666 aut
405 2623 538 2686 nomen,
561 2600 834 2685 quemadmodum
856 2622 1007 2665 nummus
1029 2621 1097 2665 non

169 2687 226 2752 aad
246 2691 378 2774 proprio
402 2691 533 2755 nomine
555 2711 717 2774 nummus,
740 2710 803 2775 quo
828 2691 869 2754 ab
889 2690 953 2754 alio
972 2711 1045 2756 aere
1064 2690 1112 2757 dia

167 2779 238 2859 pet,
269 2783 483 2863 nuncupatur.
538 2799 615 2864 ergo
647 2779 727 2844 haec
758 2778 990 2845 Aristotelis
1023 2784 1107 2846 sente

118 2878 152 2929 ao
170 2886 235 2948 qua
258 2867 305 2931 ait
328 2889 488 2954 eaquae
512 2872 603 2934 sunt
631 2867 670 2932 in
698 2891 791 2935 voce
819 2869 901 2933 nihil
924 2870 1011 2935 aliud
1034 2870 1099 2936 desi

168 2953 232 3019 uisi
260 2978 332 3022 eam
354 2979 481 3041 vocem,
513 2979 595 3043 quae
622 2979 690 3024 non
716 2959 821 3024 solum
843 2980 905 3024 vox
928 2959 983 3042 sit,
1016 2959 1074 3025 aad

169 3062 242 3108 cum
264 3067 328 3111 vox
355 3048 399 3112 ait
431 3047 553 3111 habeat
579 3051 689 3113 tamen
720 3048 862 3131 aliquam
889 3049 1088 3132 proprietate

239 3199 366 3258 ldicere
387 3206 453 3274 (pro
472 3204 596 3274 dirius
678 3211 703 3260 9.
725 3210 759 3260 10
779 3205 836 3260 des.
856 3223 876 3261 s.
895 3205 985 3262 intell.
1003 3204 1072 3275 'M

170 3274 202 3323 13
220 3286 350 3327 nummos
368 3273 401 3328 8¹
478 3282 512 3331 18
539 3276 694 3347 gerulusF
789 3282 823 3331 20
850 3277 963 3348 putabit
979 3290 1041 3350 epae

7 3385 8 3391 =
168 3341 271 3396 codic&
324 3340 380 3400 '22
400 3347 466 3417 aliq.
485 3348 579 3402 reuF
652 3354 686 3404 25
706 3347 849 3403 diciturT
919 3347 985 3405 ideo
1002 3362 1044 3405 om

7 3428 50 3499 j*-
167 3414 292 3468 27-28
310 3414 558 3475 nou—nummus
576 3420 750 3493 icmarus
825 3425 859 3475 30
877 3418 1032 3490 qanta
