2386 4342
116 216 180 285 102
466 214 779 272 sncvuunuormo

113 384 181 428 non
217 382 313 447 posse
349 364 382 426 et
420 360 461 426 ad
496 361 581 427 hano
612 382 680 426 rem
711 357 914 445 probandam
945 359 1130 442 exemplum

114 451 239 536 sumpsi
261 449 482 516 definitionem
504 449 657 534 hominis,
680 449 731 515 cui
753 448 818 513 nisi
841 451 899 513 sut
921 449 972 512 est
989 449 1047 512 aut
1065 448 1129 513 erit

66 590 69 595 .
113 543 172 606 sut
202 539 266 604 fuit
297 537 526 623 adponeretur,
562 538 817 604 enuntiationem
848 558 917 601 non
948 535 1019 600 fieri
1049 535 1129 621 dixi,

114 627 207 713 quasi
231 649 298 692 una
318 630 353 691 et
374 647 442 693 non
464 626 635 713 multiplex
659 629 744 692 esset
765 625 872 692 orstio
896 646 935 690 ea
952 644 1011 710 per
1029 647 1130 711 quam

79 716 231 782 edicitur
259 715 401 780 animal
430 716 639 800 gressibile
662 716 788 800 bipes,
810 715 850 779 de
874 735 938 799 qua
960 713 1030 778 fieri
1053 735 1131 798 pos·

115 808 167 871 set
198 804 334 890 simplex
362 805 552 870 enuntiatio.
602 826 659 871 cur
689 808 798 870 autem
827 823 894 868 una
925 802 989 867 erit
1023 803 1129 869 oratio

115 893 259 959 animal
295 893 506 979 gressibile
538 893 662 978 bipes,
700 892 880 976 alterius,
916 891 1038 976 inquit,
1070 896 1131 956 est

113 981 184 1049 hoc
214 987 388 1049 tractare
418 983 583 1068 negotii,
613 1005 686 1048 cum
708 983 748 1046 de
770 981 882 1063 rebus,
904 1001 973 1046 non
995 978 1034 1044 de
1056 1001 1131 1064 pro-

113 1071 331 1154 positionibus
353 1070 613 1155 perspiciendum
636 1075 695 1136 est.
731 1091 808 1135 nam
830 1090 898 1134 non
920 1068 1040 1135 idcireo
1063 1090 1131 1134 una

64 1162 166 1226 locst
193 1159 307 1243 oratio,
330 1159 405 1243 quia
429 1160 579 1225 continue
608 1158 726 1224 dieitur
749 1162 783 1223 et
806 1157 975 1223 coniuncte
999 1157 1130 1223 sibimet

115 1246 259 1312 animal
291 1247 502 1332 gressibile
534 1247 654 1330 bipes.
689 1247 753 1312 hoc
782 1247 869 1310 enim
898 1246 927 1311 si
956 1246 1005 1311 ita
1033 1249 1130 1332 esset,

114 1356 283 1419 possemus
306 1339 341 1400 et
361 1335 446 1400 hanc
469 1336 658 1418 orationem,
684 1356 765 1420 quae
787 1338 857 1399 tam
880 1335 984 1399 multa
1006 1335 1131 1420 signifi-

115 1427 182 1508 eat,
209 1445 308 1488 unam
331 1423 449 1507 dicere,
477 1424 506 1488 si
528 1424 679 1489 continue
702 1424 899 1508 proferatur,
930 1427 967 1488 ut
988 1426 1041 1488 est
1062 1421 1130 1489 So-

115 1515 241 1578 crates
271 1512 529 1597 philosophus
560 1512 677 1579 simus
708 1512 841 1577 calvus
872 1533 997 1577 senex.
1051 1531 1129 1599 ergo

64 1615 97 1666 1⁶
117 1601 387 1685 quemadmodum
409 1601 593 1667 huiusmodi
616 1601 721 1666 oratio
745 1601 789 1666 sit
811 1601 983 1684 multiplex
1006 1603 1040 1665 et
1061 1622 1129 1668 non

115 1712 194 1776 una,
230 1692 391 1776 posterius
424 1691 576 1757 dicemus.
620 1711 707 1756 nunc
738 1708 815 1776 ergo
847 1689 1055 1755 manifestum
1088 1691 1131 1755 sit

114 1779 200 1844 hane
228 1782 408 1846 orationem
435 1801 517 1864 quae
544 1779 624 1846 dicit
656 1776 838 1844 Socrates
870 1777 1130 1862 philosophus

117 1867 236 1932 simus
265 1870 398 1933 calvus
426 1889 540 1933 senex
565 1888 633 1933 non
660 1889 730 1934 esse
757 1888 870 1952 unam,
894 1866 951 1931 sed
973 1866 1131 1952 multipli-

116 1973 195 2018 cem.
241 1955 270 2018 si
297 1976 375 2041 ergo
407 1956 633 2040 propinquitas
656 1954 842 2039 proferendi
865 1956 939 2041 ipsa
961 1956 1130 2021 continua·

62 2056 97 2108 20
116 2042 205 2107 tione
236 2065 336 2109 unam
366 2041 487 2109 faceret
519 2044 713 2125 orationem,
745 2047 858 2129 posset
888 2045 969 2110 haec
1001 2064 1131 2130 quoqne

115 2152 181 2196 una
209 2153 279 2198 esse
308 2131 426 2216 oratio,
459 2154 541 2218 quae
569 2132 743 2198 manifesto
766 2154 832 2198 non
854 2154 921 2197 nne
943 2154 1013 2198 esse
1037 2132 1131 2199 doce·

114 2220 211 2286 bitur.
261 2244 360 2307 quare
392 2242 461 2288 non
491 2221 612 2288 idcirco
646 2223 709 2287 erit
738 2243 805 2288 una
836 2222 941 2287 oratio
977 2242 1015 2286 ea
1048 2242 1130 2307 quae

115 2307 193 2374 dicit
221 2311 361 2375 animsl
390 2312 597 2395 gressibile
625 2312 749 2397 bipes,
776 2311 863 2396 quod
890 2310 1070 2395 propinque
1094 2314 1128 2376 et

63 2411 98 2460 24
116 2397 269 2462 continue
291 2400 462 2481 profertur.
503 2422 586 2484 quae
610 2404 719 2465 autem
742 2422 839 2465 causa
861 2399 906 2464 sit
927 2402 964 2463 ut
986 2421 1053 2464 une
1076 2400 1129 2483 sit,

46 2483 184 2568 scripse
212 2485 317 2550 dicere
344 2486 483 2571 distulit,
516 2489 572 2553 sed
599 2488 634 2551 in
660 2489 751 2552 libris
780 2488 847 2553 eius
875 2488 996 2572 operis,
1017 2486 1022 2572 Ι
1043 2487 1130 2574 quod

116 2567 804 2730 pppdmepnppporzuogemffipppgppppdppet.
830 2576 1131 2733 ppneoopppppucp

116 2748 338 2816 definitionem
368 2772 468 2815 unam
505 2773 631 2837 semper
668 2773 737 2818 esse
775 2685 956 2820 citationem
994 2774 1130 2840 eamque

115 2841 264 2923 oportere
292 2839 506 2906 continuatim
532 2841 685 2926 proferre.
722 2842 780 2908 ills
807 2843 895 2907 enim
922 2864 989 2907 una
1021 2843 1130 2910 oratic
1178 2906 1181 2915 .

63 2941 186 2993 coesse
214 2927 344 3013 dicitur,
372 2951 453 3014 quae
480 2931 576 2995 unius
606 2931 806 2997 substantiae
834 2930 1039 3015 designative.
1067 2935 1128 2999 est.
1172 2932 1185 3005 -ξ

115 3015 259 3084 definitio
279 3021 395 3103 autem,
412 3022 450 3084 ut
468 3020 558 3085 verbi
576 3019 682 3105 gratia
699 3019 840 3086 hominis
861 3020 1005 3085 animal
1023 3038 1133 3107 gres-

187 3195 203 3244 3
221 3191 282 3246 fieri
299 3209 356 3249 non
372 3192 395 3247 F
413 3194 481 3262 (non
498 3193 560 3248 lieri
577 3192 624 3276 Ψ)Ι
697 3200 713 3247 4
730 3209 791 3278 esse
811 3193 843 3248 S¹
918 3200 952 3250 10
969 3193 1065 3252 iuncte
1083 3194 1107 3251 F
1165 3158 1176 3227 ξ

117 3264 150 3382 a
211 3332 400 3389 ω
461 3263 1139 3415 ¹3..¹ts¹²¹¹.u⁰rl⁸⁸²ubutun
1153 3296 1166 3401 ,·

117 3401 195 3468 (corr.
216 3401 276 3472 8¹?)
295 3404 322 3470 J,
340 3405 558 3474 metataphmiea
576 3407 606 3475 F,
625 3407 810 3477 metaphisica
829 3406 914 3462 TEN
984 3406 1141 3493 expeffl
1154 3418 1162 3425 ''

91 3468 193 3656 eren
210 3472 335 3543 expediit
352 3475 393 3530 cel
411 3475 544 3545 expedit?
616 3482 651 3532 29
670 3478 789 3549 proferri
808 3480 826 3533 b
