2386 4342
180 158 223 225 38
527 155 698 212 SECVNDA
716 154 840 210 EDlTlO

180 325 259 368 rum
283 305 410 384 notae,
438 300 592 365 eaedem
615 301 790 366 omnibu‘s
812 301 1016 385 passiones
1040 302 1152 367 anim:

181 396 218 456 et
254 411 414 476 quorum
451 389 605 455 eaedem
643 389 937 471 similitudines,
974 412 1034 454 res
1072 391 1152 455 etia

180 479 341 544 eaedem.
373 477 485 542 volens
504 477 591 542 enim
609 475 847 543 Aristoteles
870 499 909 542 ea
932 499 1013 561 quae
1031 479 1152 562 positio

181 566 366 652 significant
393 566 435 630 ab
462 565 514 630 his
542 587 624 651 quae
651 566 773 650 aliquid
800 567 973 652 designant
999 567 1152 631 naturalit

144 672 350 741 tsegregare
380 655 442 719 hoc
469 654 676 738 interposuit:
705 676 744 718 ea
770 675 853 739 quae
884 654 1046 738 positione
1070 655 1152 739 signi

180 747 256 809 eant
278 743 369 808 varia
391 764 470 821 esse,
494 764 532 806 ea
554 765 630 808 vero
653 764 736 826 quae
758 743 951 808 naturaliter
975 742 1060 826 apud
1079 764 1152 808 omn

180 831 299 898 eadem.
336 837 369 897 et
391 832 548 896 incohans
572 831 703 916 quidem
726 853 746 895 a
769 831 901 896 vocibus
925 831 966 895 ad
988 831 1116 896 litteras
1140 855 1152 896 r

179 922 228 985 nit
258 942 375 1004 easque
405 921 509 1004 primo
539 940 606 985 non
635 941 707 985 esse
736 920 930 984 naturaliter
960 919 1152 1003 significatis

180 1009 383 1074 demonstrat
396 1008 519 1072 dicens:
544 1011 582 1071 et
604 1008 918 1092 quemadmodum
940 1028 1008 1073 nec
1030 1007 1152 1072 littera

129 1113 161 1163 10
180 1097 357 1161 omnibus
381 1094 547 1177 eaedem,
570 1095 716 1159 sienae
739 1116 852 1159 voces
875 1096 1039 1160 eaedem.
1067 1117 1145 1160 nam

179 1183 297 1248 idcireo
319 1182 501 1266 probantur
521 1183 649 1246 litterae
671 1204 739 1248 non
757 1204 828 1247 esse
850 1183 1042 1248 naturaliter
1066 1184 1152 1267 signi

180 1274 302 1355 cantes,
324 1271 410 1354 quod
432 1269 518 1354 apud
542 1270 622 1335 alios
646 1271 729 1335 aliae
752 1271 877 1336 sintae
900 1272 1054 1347 diversae,
1078 1272 1152 1336 code

180 1379 307 1443 quoque
334 1359 430 1423 modo
457 1358 623 1442 probabile
650 1359 712 1423 erit
733 1380 828 1424 voces
855 1382 982 1445 quoque
1005 1381 1072 1424 non
1094 1364 1152 1424 nat

179 1446 292 1511 raliter
314 1446 508 1531 significare,
536 1447 689 1530 quoniam
713 1448 859 1533 singulae
880 1447 1049 1513 hominum
1073 1452 1153 1533 gent

129 1551 162 1600 15
180 1556 246 1600 non
265 1535 385 1601 eisdem
403 1536 488 1601 inter
506 1557 540 1601 se
559 1535 692 1600 vocibus
712 1536 955 1620 conloquuntur.
983 1536 1152 1601 volensve

181 1623 424 1689 similitudinem
450 1624 672 1690 intellectuum
700 1645 870 1708 rerumque
893 1625 1112 1690 subiectarum
1136 1625 1152 1689 d

180 1735 251 1778 cere
287 1714 480 1778 naturaliter
516 1713 727 1778 constitutam
765 1713 824 1778 ait:
869 1735 1028 1796 quorum
1065 1717 1152 1778 aute

179 1800 273 1865 haec
295 1802 504 1881 primorum
526 1804 656 1885 notae,
678 1801 832 1866 eaedem
850 1802 1028 1866 omnibus
1046 1803 1151 1884 passi

180 1908 247 1951 nes
271 1888 431 1952 animae.
456 1909 602 1973 quorum,
624 1888 738 1972 inquit,
760 1909 854 1953 voees
878 1910 959 1974 quae
982 1888 1068 1972 apud
1087 1889 1140 1955 div

127 1992 162 2042 ao
181 1997 233 2040 sas
258 1978 370 2060 gentes
393 1975 482 2060 ipsae
506 1996 632 2060 quoque
655 1975 800 2040 diversae
824 1982 901 2040 sunt
918 1977 1133 2060 signification

179 2064 334 2150 retinent,
366 2085 448 2150 quae
480 2064 604 2130 scilieet
636 2067 714 2129 sunt
745 2064 873 2129 animae
903 2065 1085 2149 passiones,
1117 2066 1127 2130 i

180 2154 266 2239 apud
289 2176 403 2220 omnes
426 2154 557 2219 eaedem
581 2157 664 2218 sunt
695 2174 799 2238 neque
823 2154 910 2218 enim
927 2153 998 2217 fieri
1015 2157 1121 2238 potest

180 2242 267 2326 quod
298 2244 383 2326 apud
415 2241 583 2309 Romanos
614 2242 713 2309 homo
748 2243 949 2326 intellegitur
985 2241 1069 2324 lapis
1107 2264 1114 2304 a

180 2329 336 2393 barbaros
358 2331 575 2415 intellegatur.
611 2330 723 2395 eodem
746 2329 992 2413 quoquomodo
1016 2329 1055 2393 de
1078 2350 1107 2393 es

129 2432 163 2482 25
181 2417 287 2482 rebus.
332 2438 410 2502 ergo
441 2417 627 2482 huiusmodi
659 2418 821 2481 sententia
852 2420 918 2497 est,
949 2436 1014 2496 qna
1044 2415 1102 2478 dic?

181 2526 262 2589 quae
290 2524 384 2570 voces
413 2505 599 2591 significent
627 2504 714 2588 apud
742 2523 855 2566 omnes
882 2501 1052 2566 hominum
1079 2520 1094 2583 p

180 2615 247 2660 non
270 2594 397 2677 mutari,
421 2597 458 2658 ut
479 2593 570 2676 ipsae
593 2590 725 2676 quidem
746 2610 852 2674 voees,
877 2590 961 2654 sicut
983 2608 1081 2670 supra

181 2681 298 2753 stravit
334 2702 407 2746 curu
448 2680 532 2745 dixit
570 2677 886 2763 quemadmodum
926 2696 995 2741 nec
1034 2675 1080 2741 lit

181 2770 360 2834 omnibus
387 2768 554 2851 eaedem,
587 2766 643 2831 sic
671 2786 740 2830 nee
767 2787 880 2832 voces
908 2764 1071 2850 eaedem,

126 2874 163 2925 30
180 2857 289 2941 plures
318 2857 463 2922 diversae
492 2855 571 2938 sint,
597 2855 677 2920 illud
704 2875 780 2919 vero
808 2855 893 2940 quod
920 2874 1015 2919 voees
1037 2853 1066 2938 ip

182 2947 337 3032 gnifieant
363 2945 449 3030 apud
477 2964 590 3008 omnes
617 2942 763 3009 homines
792 2944 885 3008 idem.
904 2943 947 3008 sit
969 2963 1059 3007 nect

255 3126 269 3174 1
289 3120 401 3175 animae
419 3119 485 3174 sunt
502 3118 605 3173 codices
623 3120 697 3188 (item
717 3121 760 3185 19)
833 3123 848 3172 7
867 3114 1047 3173 inchoatis'l

182 3190 298 3262 gnificat
317 3189 358 3258 8¹,
377 3189 400 3245 si
442 3187 584 3244 'tiuasT
644 3195 678 3245 lt
697 3187 928 3257 colloquunturb
989 3192 1022 3245 l'l

183 3261 258 3330 quod
276 3260 318 3315 ait
336 3261 386 3315 TE
416 3261 493 3330 quod
510 3261 561 3315 del.
580 3259 646 3331 E¹?)
735 3264 769 3313 22
788 3258 863 3328 apud
880 3275 932 3315 em.
949 3258 982 3328 F,
999 3256 1035 3315 od

183 3332 327 3458 {gdqui'l
411 3332 559 3458 fittepmodo
578 3331 702 3401 quoq.F
801 3335 835 3386 29
854 3329 931 3400 apud
947 3342 1009 3401 epo:

234 3404 288 3459 ires
359 3409 390 3459 31
