2386 4342
523 590 622 644 Icl.
1032 588 1077 655 35

62 755 202 818 namque
220 734 336 818 aliquis
356 734 528 818 sphaeram
546 733 599 798 vel
616 733 810 818 quadratum
828 734 880 799 vel
899 734 1077 836 quamlibet

63 823 159 886 aliam
184 843 292 886 rerum
314 822 453 908 figuram
477 843 550 887 eam
571 821 607 886 in
629 823 728 887 animi
751 823 953 908 intellegent
943 844 976 887 1a
998 844 1076 906 qua-

62 909 136 974 dam
160 911 193 974 vi
217 932 254 975 ac
279 910 490 975 similitudine
513 910 609 994 capit
653 932 731 975 nam
755 912 811 997 qui
835 912 1007 996 sphaeram
1030 911 1077 975 vi·

61 998 153 1082 derit,
176 998 244 1063 eius
268 999 380 1063 similit
381 999 541 1064 udinem
530 1020 567 1064 m
585 998 693 1063 animo
712 1001 882 1084 perpendit
900 1003 933 1066 et
951 1000 1076 1086 cogitat

61 1090 158 1188 atque
186 1088 254 1152 eius
281 1087 316 1152 in
345 1088 454 1153 animo
483 1086 646 1171 quandam
677 1108 794 1171 passus
827 1088 1005 1174 imaginem
1041 1088 1109 1153 ida

60 1175 152 1239 cuius
178 1175 356 1277 imaginem
383 1175 508 1259 patitur
535 1175 692 1260 agnoseit
739 1177 845 1240 omnis
866 1198 943 1241 vero
966 1177 1075 1260 imago

59 1263 105 1326 rei
135 1263 226 1328 cuius
254 1264 362 1348 imago
386 1267 437 1327 est
460 1261 705 1326 similitudinem
727 1265 830 1325 tenet:
861 1283 953 1327 mens
975 1264 1076 1347 igitur

60 1371 134 1414 oum
180 1350 360 1434 intellegit,
400 1370 511 1414 rerum
553 1347 795 1413 militudinem
836 1348 1076 1451 conprehendit

60 1438 146 1501 unde
164 1437 203 1500 fit
221 1442 267 1519 ut,
285 1457 359 1500 eum
377 1436 514 1501 duorum
534 1456 703 1517 corporum
721 1436 826 1500 maius
845 1458 954 1520 unum,
968 1437 1076 1502 minus

63 1524 202 1588 alterum
225 1527 422 1608 contuemur,
445 1546 464 1588 a
488 1545 584 1588 sensu
602 1527 715 1607 postea
734 1526 867 1591 remotis
887 1526 1075 1610 corporibus
1096 1541 1129 1591 ιο

62 1611 121 1674 illa
143 1611 215 1695 ipsa
233 1632 369 1695 corpora
387 1613 569 1698 cogitantes
588 1612 669 1677 illud
688 1636 816 1698 quoque
834 1615 992 1679 memoria
1010 1636 1075 1679 ser-

61 1702 158 1763 vante
185 1700 370 1764 noverimus
399 1701 604 1785 sciamusque
627 1703 713 1786 quod
736 1703 858 1786 minus,
890 1703 976 1787 quod
999 1724 1075 1768 vero

59 1788 166 1851 maius
186 1809 301 1872 corpus
320 1789 421 1854 fuisse
440 1791 677 1875 conspeximus,
695 1791 782 1875 quod
800 1791 985 1856 nullatenus
1005 1812 1074 1855 eve-

59 1876 153 1959 niret,
171 1876 235 1941 nisi
258 1898 339 1961 quas
363 1878 463 1942 semel
485 1899 578 1943 mens
600 1900 699 1963 passa
722 1883 773 1944 est
795 1895 901 1943 rerum
926 1879 1074 1944 similitu-

60 1963 152 2028 dines
191 1965 358 2048 optineret.
414 1987 515 2049 quare
552 1968 705 2050 quoniam
741 1967 911 2050 passiones
948 1967 1127 2031 animae15

63 2073 144 2135 quas
172 2052 357 2117 intellectus
384 2053 514 2118 vocavit
535 2074 642 2117 rerum
667 2053 824 2137 quaedam
849 2053 1075 2118 similitudines

61 2142 147 2222 sunt,
169 2139 289 2204 idcirco
304 2139 557 2223 Aristoteles,
580 2162 653 2204 cum
677 2142 775 2225 paulo
798 2144 874 2224 post
895 2140 935 2204 de
953 2141 1076 2224 passio·

60 2228 158 2290 nibus
182 2229 308 2290 animae
331 2227 530 2312 loqueretur,
553 2228 733 2294 continenti
761 2228 872 2293 ordine
900 2227 940 2292 ad
964 2229 1076 2294 simili-

60 2314 191 2379 tudines
217 2315 391 2379 transitum
418 2316 509 2398 fecit,
541 2317 694 2400 quoniam
721 2317 806 2381 nihil
833 2317 940 2381 differt
966 2321 1075 2383 utrum

58 2403 228 2504 passiones
252 2403 372 2468 diceret
395 2426 437 2469 an
461 2405 697 2472 similitudines.
730 2405 842 2470 eadem
864 2427 1004 2491 namque
1023 2427 1074 2471 res
1093 2421 1128 2471 ao

58 2492 93 2554 in
121 2491 230 2555 anima
258 2492 387 2576 quidem
414 2493 524 2576 passio
549 2497 610 2578 est,
638 2494 685 2558 rei
707 2514 785 2558 vero
810 2492 997 2558 similitudo.
1043 2497 1076 2558 et

60 2579 282 2643 Alexander
304 2579 391 2642 huno
412 2581 534 2643 locum:
567 2544 657 2644 erint
685 2599 777 2678 ergo
801 2599 962 2679 eaquae
987 2583 1077 2644 sunt

62 2668 103 2730 in
125 2687 219 2729 voce
248 2685 377 2729 aarum
405 2686 500 2748 quae
529 2667 649 2729 sunt
639 2688 678 2729 ιιι
702 2666 830 2729 anima
852 2666 1075 2750 passionum

61 2755 180 2818 notae
208 2756 245 2817 et
273 2773 315 2816 ea
343 2773 438 2836 quae
467 2753 690 2818 scribuntur
713 2775 843 2818 eorum
867 2777 962 2838 quae
986 2759 1076 2819 sunt

58 2843 101 2907 in
124 2862 224 2906 voce.
270 2844 309 2904 et
336 2840 649 2924 quemadmodum
676 2864 745 2907 nee
774 2843 931 2908 litterae
955 2845 1074 2909 omni-
1093 2860 1127 2909 ao

59 2932 129 2995 bus
163 2929 332 3013 eaedem,
365 2931 419 2997 sic
451 2952 521 2995 nec
552 2952 665 2996 voces
698 2932 852 2996 eaedem
883 2933 945 2997 hoc
976 2933 1074 2997 modo

59 3023 194 3085 conatur
217 3040 390 3103 exponere.
422 3020 607 3122 proposuit,
630 3021 751 3105 inquit,
775 3041 813 3084 ea
835 3042 917 3105 quae
941 3021 1049 3084 sunt
1040 3043 1075 3084 m

58 3130 137 3174 voce
164 3107 351 3173 intellectus
380 3109 481 3173 animi
509 3108 680 3212 designare
713 3113 745 3173 et
772 3108 835 3173 hoo
863 3110 927 3173 alio
936 3109 1074 3210 probat

59 3196 215 3296 exemplo.
261 3197 373 3261 eodem
404 3197 501 3262 modo
534 3198 621 3262 enim
650 3218 688 3261 ea
717 3218 800 3282 quae
828 3197 943 3261 sunt
933 3219 969 3262 m
995 3217 1073 3261 voce

57 3284 226 3368 passiones
250 3284 378 3349 animae
402 3285 601 3370 significant,
629 3284 898 3369 quemadmodum
926 3306 965 3349 aa
992 3303 1073 3367 quae
1092 3299 1127 3349 30

59 3371 206 3438 scribunt
207 3393 245 3434 ur
262 3392 357 3436 voces
377 3372 559 3459 designant,
581 3377 618 3439 ut
635 3373 669 3438 id
690 3373 777 3457 quod
797 3372 843 3436 ait
862 3376 899 3436 et
917 3393 960 3436 ea
978 3391 1074 3454 quae

134 3543 269 3613 laliquis
288 3559 338 3598 om.
359 3545 391 3611 T,
409 3545 538 3616 aliquiE
610 3545 746 3614 faramS,
739 3561 880 3669 ,speram
899 3543 988 3598 amu

57 3616 142 3700 3ure
163 3619 229 3685 (pro
247 3633 276 3669 ιι
295 3616 339 3683 ac)
360 3614 404 3668 SF
484 3632 594 3686 speram
612 3616 663 3671 FT
743 3622 759 3670 9
799 3614 958 3669 uumS²F2
1040 3621 1073 3669 12

56 3689 234 3757 sciamusque
253 3702 312 3757 epos
333 3684 479 3755 sciemusq.
499 3689 602 3742 codices
657 3694 690 3741 14
709 3703 788 3741 mens
807 3701 856 3741 om.
877 3686 899 3739 T
946 3690 981 3741 20
999 3701 1072 3754 pass

10 3774 13 3784 ·
57 3759 169 3816 animae
188 3759 272 3813 editio
285 3758 417 3840 prinecps
493 3762 528 3812 24
545 3757 734 3813 inscribuntur
753 3755 827 3810 SFE
906 3762 939 3812 26
959 3755 1074 3811 eaedem

56 3847 141 3886 uoces
160 3830 264 3886 codices
283 3829 402 3897 (itemp.
422 3831 468 3894 36,
487 3831 513 3882 6
533 3830 560 3898 7)
632 3834 666 3884 19
686 3827 761 3882 enim
780 3826 905 3881 modoF

823 3913 860 3969 3*
