2386 4342
527 666 540 720 l
559 681 582 721 c.
602 671 626 723 3.
1041 669 1081 733 71

56 812 148 878 enim
179 809 281 876 hebet
308 805 349 876 τὰ
375 806 413 874 δὲ
434 806 496 876 τὸν
518 806 622 895 πέριξ.
670 810 755 895 quod
779 812 835 896 qui
857 809 1000 879 Graecae
1023 815 1084 885 lin-

58 921 145 986 guae
177 899 302 984 peritus
340 903 391 963 est
428 903 586 984 quantum
622 899 737 964 melius
775 899 899 967 Graece
936 903 1083 968 oratione

58 991 157 1055 sonet
179 987 337 1077 agnoscit.

128 1076 221 1163 Ipse
249 1075 403 1160 quidem
433 1076 710 1155 secundum-se
739 1076 843 1142 dicte
871 1079 988 1144 verbe
1017 1101 1084 1145 no-

56 1166 166 1231 minc
198 1169 290 1233 sunt
321 1168 360 1228 et
391 1164 625 1249 significant
657 1164 816 1248 aliquid.
870 1168 1120 1235 constituite

57 1254 162 1319 enim
186 1254 252 1338 qui
274 1253 372 1318 dicit
403 1252 649 1318 intellectum
681 1255 806 1337 etqui
837 1256 949 1321 cudit
975 1257 1083 1341 quie-

58 1344 147 1408 scit
193 1338 258 1407 s'ed
287 1342 320 1406 si
347 1346 408 1407 est
434 1343 498 1406 vel
524 1362 602 1406 uon
624 1344 698 1425 est,
729 1343 898 1408 nondum
922 1345 1084 1429 signifi-

59 1435 138 1513 cet3
170 1451 296 1516 neque
325 1431 427 1495 cuim
457 1451 543 1496 esse
572 1429 724 1515 signum
748 1433 808 1496 eet
834 1431 889 1496 rei
917 1433 979 1498 vel
1005 1454 1084 1499 uon

61 1539 162 1602 esse,
202 1539 271 1583 neo
313 1520 346 1583 si
386 1519 458 1584 hoc
495 1518 621 1602 ipsum
657 1523 717 1584 est
752 1541 888 1604 purum
925 1521 1082 1586 dixeris.

59 1608 190 1691 ipsum
221 1606 375 1692 quidem
404 1607 507 1672 nihil
539 1610 611 1691 est,
644 1608 926 1693 consignificat
954 1613 1138 1677 antemio

59 1693 256 1783 quendum
279 1696 608 1780 conpositionem,
631 1718 741 1781 quem
762 1698 844 1762 sine
862 1699 1083 1784 conpositis

57 1805 139 1850 non
163 1788 225 1849 est
247 1784 492 1871 intellegere.

148 1871 222 1939 Hoc
250 1872 324 1939 loco
351 1872 597 1958 Porphyrius
631 1873 671 1938 de
700 1872 882 1940 Stoicorum
914 1875 1084 1940 dialectica

56 1963 261 2046 aliarumque
300 1961 489 2028 scholarum
525 1962 629 2028 multe
663 1963 837 2047 permiscet
873 1968 906 2028 et
941 1965 976 2028 in
1009 1964 1084 2029 eliis

58 2072 190 2137 quoque
222 2050 321 2116 huius
353 2051 430 2116 libri
464 2052 610 2137 pertibus
642 2051 729 2116 idem
761 2052 796 2117 in
827 2052 1082 2136 expositionibus
1103 2067 1138 2118 15

57 2139 152 2223 fecit,
183 2139 272 2224 quod
298 2139 467 2205 interdum
492 2141 588 2207 nobis
616 2144 667 2207 est
693 2141 941 2226 neglegendum
987 2161 1085 2224 scope

58 2249 165 2380 3¹:32.
178 2227 1085 2386 ⁸⁰lxl¹¹tt¹l¹²lsstltldflmlltfflltttg

64 2407 131 2469 est:
175 2402 307 2488 verba,
338 2405 457 2490 inquit,
489 2407 575 2490 ipse
597 2408 805 2474 seeundum
828 2430 867 2473 se
890 2407 995 2472 dicte
1016 2427 1085 2470 no·

63 2493 169 2557 mine
198 2494 302 2577 sunt,
324 2514 394 2558 non
416 2495 593 2563 secundum
615 2497 649 2562 id
673 2497 758 2581 quod
781 2497 887 2563 omnis
910 2517 987 2579 pers
1011 2515 1082 2558 orc-
1102 2510 1139 2559 so

60 2580 165 2646 tionis
194 2602 366 2646 commune
392 2604 514 2648 nomen
540 2588 688 2668 vocetur,
719 2589 757 2648 ut
783 2584 920 2649 dicimus
947 2581 1084 2648 nomine

62 2689 188 2820 tto
206 2668 680 2844 rtfflqdluimitlitlil
695 2671 1086 2824 telettum

65 2845 110 2910 sit
142 2842 257 2908 adfine.
301 2866 378 2915 nem
410 2847 439 2911 si
468 2849 574 2913 dicem
611 2846 791 2914 Socrates
829 2809 1016 2929 ambulet,
1051 2845 1085 2910 id

62 2932 154 3020 quod
186 2931 253 2997 dixi
285 2934 458 3001 ambulet
488 2940 597 3003 totum
628 2937 771 3021 pertinet
802 2937 844 3001 ed
872 2935 1141 3018 decertemus

62 3023 156 3089 nullu
187 3021 291 3090 isius
323 3023 549 3109 intellegentia
579 3025 713 3108 proprie
744 3029 802 3090 est
849 3028 985 3090 atvero
1012 3042 1087 3086 cum

62 3112 138 3178 dico
167 3044 273 3175 solum
302 3112 490 3196 ambulet,
520 3113 570 3177 its
595 3111 725 3196 quidem
752 3113 833 3197 dixi,
864 3116 1033 3194 umquem
1057 3110 1086 3174 si

63 3199 164 3266 alicui
187 3199 278 3283 insit,
308 3199 343 3264 id
366 3204 417 3265 est
438 3204 607 3284 tamquam
630 3200 659 3264 si
682 3201 819 3284 quilibet
840 3199 1000 3280 ambulet,
1030 3197 1086 3262 sed

62 3291 179 3352 tumen
209 3307 269 3370 per
300 3309 336 3352 se
368 3291 421 3352 est
453 3288 681 3373 propriamque
712 3288 857 3353 retinens
888 3285 1085 3352 sententium

64 3374 163 3440 huius
185 3375 277 3439 verbi
299 3375 497 3460 significatio
520 3378 579 3440 est.
615 3374 701 3440 unde
723 3376 763 3441 fit
783 3379 822 3447 ut
843 3374 930 3459 apud
945 3371 1086 3436 &meros
1105 3385 1142 3436 eo

140 3505 154 3552 1
174 3492 337 3565 τοὶ-πέριξ
355 3497 388 3550 b:
407 3511 458 3549 orn.
472 3497 577 3551 codices
595 3497 697 3564 (muco
709 3497 803 3552 relicto
818 3494 892 3577 Slld
898 3493 933 3559 Ε)
951 3492 985 3544 in
1002 3507 1089 3574 maro:

63 3567 196 3694 dudd
266 3565 471 3692 two
505 3567 741 3704 ³⁸13¹¹23d1⁸3032
763 3571 823 3689 n?
833 3562 1089 3689 &willel

63 3728 128 3764 rum
146 3709 200 3765 PT
282 3705 488 3762 ismeone
565 3711 600 3759 21
620 3701 1089 3760 conmuniterbaeineommu

63 3772 923 3918 census-„suus
943 3769 981 3892 s:
997 3776 1091 3910 „rc

66 3919 146 3976 modi
164 3919 184 3974 S
203 3922 353 3989 (suprascr.
372 3912 454 3967 uerbi
472 3912 517 3982 δ’)
587 3915 638 3970 est
655 3917 742 3972 oeub

1106 4130 1160 4180 Ε
