2386 4342
524 611 578 667 Io.
600 617 623 665 1.
906 674 911 683 ι
1034 608 1076 675 51

59 763 195 842 utroque
213 760 326 824 carent
346 756 445 841 (sicut
468 757 538 842 ipse
561 755 628 820 iam
651 752 745 840 dixit)
765 754 830 819 nisi
848 754 913 820 illis
938 757 995 819 aut
1008 776 1078 822 asse

59 851 116 912 aut
140 869 208 913 non
231 867 300 912 esse
330 844 480 930 addatur,
508 845 571 910 vel
594 844 830 928 simpliciter
857 844 917 908 vel
942 864 1078 909 secun·

58 937 144 1001 dum
167 939 328 1019 tempus.
369 933 432 999 hoc
450 955 527 999 vero
546 932 661 999 idcirco
685 932 818 1017 addidit,
841 932 927 1017 quod
950 933 984 997 in
1008 933 1077 1035 qui·

57 1024 196 1090 busdam
210 1025 258 1088 itu
271 1023 511 1088 enuntiationes
531 1023 622 1106 fiunt,
645 1025 682 1086 ut
700 1022 785 1107 quod
803 1021 842 1087 de
861 1022 942 1106 ipsis
961 1021 1078 1089 dicitur

59 1112 237 1178 secundum
261 1111 478 1177 substantiam
497 1114 707 1196 proponatur,
729 1111 764 1174 in
783 1110 976 1195 quibusdam
999 1124 1111 1176 veros

55 1202 121 1268 hoo
149 1202 256 1286 ipsum
286 1222 371 1265 esse
402 1200 488 1285 quod
521 1199 650 1263 additur
678 1219 747 1263 non
775 1198 991 1264 substantiam
1021 1198 1078 1263 sed

57 1290 277 1374 praesentiam
309 1288 472 1372 quandam
507 1286 680 1371 significet.
723 1306 796 1350 cum
827 1286 912 1350 enim
942 1286 1077 1352 dicimus

58 1379 154 1443 deus
183 1380 257 1460 est,
284 1397 352 1440 non
379 1395 453 1439 eum
481 1373 618 1438 dicimus
640 1393 727 1438 nunc
750 1393 833 1457 essa,
862 1374 918 1439 sed
947 1376 1077 1438 tantum

58 1468 93 1531 in
123 1464 305 1530 substantia
332 1483 412 1545 essa,
438 1465 476 1526 ut
501 1461 564 1527 hoc
594 1461 633 1526 ad
657 1462 944 1527 inmutabilitatem
968 1462 1077 1546 potius

60 1551 263 1617 substantiae
278 1572 374 1634 quam
396 1550 435 1615 ad
449 1553 576 1635 tempus
592 1551 721 1635 aliquod
736 1552 902 1617 referatur.
926 1552 954 1618 si
968 1556 1077 1617 antem
1098 1566 1131 1618 10

60 1641 206 1705 dicamus
231 1638 314 1704 dies
338 1643 410 1722 est,
440 1640 480 1704 ad
504 1640 626 1705 nullam
650 1639 713 1704 diei
737 1641 955 1706 substantiam
978 1641 1076 1725 perti·

57 1733 116 1794 net
146 1729 210 1792 nisi
237 1731 365 1793 tantum
389 1727 430 1793 ad
452 1730 610 1813 temporis
633 1730 908 1796 constitutionem.
941 1728 1004 1794 hoc
1028 1733 1078 1795 est

56 1819 141 1883 enim
154 1817 239 1902 quod
248 1816 411 1902 significet
425 1821 499 1903 est,
512 1822 680 1903 tamquam
691 1819 719 1882 si
734 1817 878 1884 dicamus
892 1839 993 1884 nnnc
1008 1822 1076 1883 est

58 1929 157 1992 quare
173 1929 244 1972 oum
263 1907 310 1972 ita
324 1905 459 1971 (liumus
475 1928 562 1972 essa
577 1912 614 1972 ut
628 1907 847 1972 substantiam
862 1906 1077 1992 designemus,

57 1995 249 2080 simpliciter
267 1998 327 2060 est
346 1995 507 2079 addimus,
530 2017 604 2060 cum
622 2016 700 2059 vcro
718 1995 766 2059 ita
783 1999 821 2059 ut
839 1994 962 2078 aliquid
985 2016 1076 2078 prae·
1097 2008 1129 2058 16

59 2106 134 2150 sens
160 2083 379 2169 significetur,
405 2083 583 2148 secundum
612 2085 750 2166 tempus.
786 2081 867 2147 haec
890 2104 956 2147 unu
979 2103 1075 2166 quam

59 2173 200 2237 diximus
224 2171 394 2254 expositio.
440 2170 506 2234 alia
528 2191 604 2236 vero
628 2170 813 2237 huiusmodi
837 2173 900 2235 ast:
924 2191 994 2236 esse
1019 2169 1077 2235 ali·

59 2261 137 2345 quid
160 2260 286 2325 duobus
309 2258 413 2323 modis
437 2258 568 2324 dicitur:
593 2263 649 2324 aut
672 2259 862 2345 simpliciter
885 2264 942 2325 aut
965 2281 1076 2326 secun-

59 2349 136 2412 dum
167 2351 303 2431 tempus.
341 2347 531 2431 simpliciter
558 2348 687 2434 quidem
718 2348 891 2415 secundum
921 2370 1075 2434 praesens

57 2441 201 2520 tempuS,
223 2441 261 2500 ut
284 2436 312 2501 si
336 2437 408 2521 quis
432 2437 478 2502 sic
501 2437 588 2503 dicat
610 2437 859 2503 hircocervus
883 2441 952 2502 ost
985 2458 1074 2521 pras·
1095 2452 1129 2500 2ο

59 2548 133 2590 sens
150 2528 257 2590 autem
272 2525 358 2610 quod
373 2525 492 2590 dicitur
511 2528 640 2609 tempus
658 2547 726 2590 non
745 2529 803 2608 est,
827 2524 883 2588 sad
902 2524 1076 2589 confinium

56 2617 256 2694 temporum:
279 2613 354 2675 finis
377 2633 520 2695 namque
539 2616 590 2676 est
611 2612 779 2694 praeteriti
801 2611 965 2695 futurique
987 2610 1076 2694 prin·

61 2700 191 2783 cipium.
220 2700 369 2783 quocirca
388 2698 533 2782 quisquis
557 2698 729 2764 secundum
748 2720 902 2783 praesens
926 2698 987 2766 hoe
1011 2720 1075 2765 ser·

60 2809 158 2853 mone
178 2787 263 2871 quod
282 2790 332 2852 est
351 2808 435 2853 esse
455 2786 564 2866 ut‘tur,
584 2786 774 2871 simpliciter
792 2788 903 2868 utitur,
926 2789 1074 2875 quivero

58 2881 116 2942 aut
144 2876 354 2961 praeteritum
382 2875 489 2961 iungit
518 2880 574 2940 aut
596 2876 756 2961 futurum,
779 2878 834 2943 ille
857 2899 924 2944 nou
948 2879 1074 2963 simpli·
1094 2891 1127 2944 25

56 2967 148 3050 citer,
186 2966 241 3031 sed
271 2966 337 3031 iam
366 2965 401 3031 in
437 2965 545 3049 ipsum
574 2969 701 3050 tempus
734 2967 877 3033 incurrit.
927 2971 1075 3052 tempora

55 3077 195 3141 namquo
228 3052 278 3141 (ut
310 3055 433 3120 dictum
466 3056 530 3140 cst)
561 3054 623 3121 duo
654 3061 834 3141 ponuntur:
861 3057 1074 3142 praeteritum

54 3148 151 3229 atquc
178 3144 333 3211 futurum.
371 3144 457 3228 quod
485 3143 513 3209 si
541 3145 614 3229 quis
644 3166 717 3210 cum
740 3166 893 3231 praesens
916 3145 1074 3231 nominet,

57 3232 248 3314 simpliciter
256 3233 342 3317 dicit,
352 3255 425 3299 cum
440 3233 632 3298 utrumlibet
645 3235 857 3317 praeteritum
866 3233 917 3298 vol
928 3232 1073 3299 futurum

55 3319 182 3403 dixerit,
196 3321 371 3385 secundum
390 3326 522 3405 tempus
541 3321 644 3387 utitur
662 3323 895 3388 enuntiatione.
927 3325 978 3387 est
996 3342 1073 3406 quo·
1092 3334 1127 3385 eo

55 3429 116 3493 que
144 3407 241 3471 tertia
270 3408 456 3475 huiusmodi
483 3410 655 3496 expositio,
685 3411 770 3496 quod
801 3409 994 3494 aliquotiens
1027 3409 1074 3474 ita

128 3590 142 3637 1
162 3581 221 3637 illis
240 3581 272 3636 b:
290 3581 334 3635 illi
352 3584 457 3638 codices
529 3590 545 3639 2
564 3584 732 3710 απὲνεῑῖ
814 3589 830 3638 8
849 3582 926 3654 eum]
946 3582 1020 3639 euim
1040 3583 1072 3639 S¹

55 3654 328 3710 12.13hooeutem
347 3653 429 3708 esti*
493 3659 525 3709 12
543 3672 601 3710 una
644 3652 983 3711 :estunadlctceteri
1037 3660 1071 3710 21

55 3725 223 3809 conticitum
241 3723 315 3778 S¹F¹
387 3730 422 3778 22
441 3727 553 3806 tempus
570 3728 730 3796 temporum
750 3724 797 3780 ΒΕ
871 3729 904 3780 22
923 3724 1024 3797 iungat
1041 3726 1073 3809 F,

52 3796 261 3924 qngtceqspopoffr.
280 3868 322 3921 b,
348 3800 382 3850 28
402 3796 566 3852 nominatur
584 3797 608 3851 Τ
702 3801 737 3851 22
756 3796 902 3866 praeterit
920 3796 966 3853 vol
984 3795 1073 3852 futuri

824 3953 860 4009 q*
