2386 4342
112 195 157 260 30
460 193 631 249 SECVNDA
648 191 775 248 EDITIO

111 338 212 424 igitur
233 361 342 424 voces,
368 343 401 404 et
417 359 530 403 rursus
554 359 611 402 our
632 339 680 402 ita
703 342 741 402 et
763 360 806 403 ea
830 360 926 423 quae
950 339 1132 404 scribun-

111 432 174 493 tur
206 433 240 494 et
270 449 339 492 non
370 427 500 491 dixerit:
537 430 570 491 et
602 426 745 510 litterae,
778 427 864 511 quod
896 428 1031 493 resolvit
1062 428 1129 494 hoc

110 517 217 582 modo.
249 515 371 580 dictum
395 519 444 579 est
461 519 527 579 tres
547 536 617 579 esse
637 515 723 598 apud
745 514 1030 600 Peripateticos
1055 538 1130 581 ora-

111 606 228 687 tiones,
249 625 349 668 unam
373 626 454 689 quae
472 604 590 669 litteris
610 604 810 688 scriberetur,
834 605 930 668 aliam
950 626 1033 688 quae
1052 627 1130 689 pro·

76 713 92 763 5
111 693 250 758 ferretur
268 692 306 756 in
325 714 412 777 voce,
434 692 564 758 tertiam
583 714 665 776 quae
685 693 935 778 coniungeretur
952 693 987 756 in
1006 695 1126 759 animo.

112 782 197 865 quod
225 782 253 847 si
280 785 346 846 tres
369 783 531 847 orationes
555 785 644 864 sunt,
673 785 782 865 partes
811 803 939 867 quoque
966 783 1129 848 orationis

111 892 182 935 esse
205 870 348 955 triplices
370 871 466 936 nulla
484 870 644 935 dubitatio
667 874 725 935 est.
757 891 856 953 quare
879 871 1034 955 quoniam
1056 892 1129 936 ver-

111 960 188 1025 bum
221 965 254 1025 et
284 981 404 1025 nomen
440 959 665 1045 principaliter
701 959 858 1023 orationis
895 963 1004 1042 partes
1041 965 1129 1045 sunt,

111 1055 206 1115 amnt
230 1049 296 1113 alia
317 1048 418 1112 verba
440 1052 473 1112 et
490 1049 622 1113 nomina
641 1069 724 1132 quae
743 1048 936 1132 scribantur,
960 1048 1024 1112 alia
1042 1070 1129 1132 quae

59 1157 92 1206 10
111 1136 268 1221 dicantur,
291 1137 355 1199 alia
379 1157 460 1219 quae
483 1136 584 1200 tacita
606 1139 713 1200 mente
731 1139 920 1200 tractentur.
950 1157 1028 1221 ergo
1047 1158 1128 1219 quo-

110 1225 201 1288 niam
232 1224 403 1308 proposuit
434 1223 556 1288 dicens:
593 1223 758 1307 primum
791 1228 947 1307 oportet
979 1226 1130 1289 eonsti-

111 1317 234 1397 tuere,
257 1312 348 1398 quid
370 1334 509 1378 nomen
528 1316 566 1376 et
584 1311 675 1395 quid
693 1313 864 1391 verbum,
882 1313 1002 1396 triplex
1016 1317 1127 1378 autem

111 1403 281 1467 nominum
303 1405 422 1466 natura
444 1406 494 1465 est
513 1409 608 1485 atque
627 1400 808 1486 verborum,
830 1402 869 1466 de
889 1402 1005 1485 quibus
1024 1403 1128 1486 potis-

112 1490 230 1554 simum
252 1489 457 1574 proposuerit
480 1493 513 1553 et
536 1510 618 1574 quae
647 1489 778 1553 definire
806 1490 885 1554 velit
912 1489 1063 1555 ostendit
1092 1496 1129 1556 et

60 1597 92 1646 15
111 1579 264 1662 quoniam
293 1579 331 1643 de
358 1579 410 1644 his
437 1577 623 1643 nominibus
649 1579 795 1662 loquitur
822 1601 860 1644 ao
887 1580 1007 1663 verbis,
1040 1601 1126 1664 quae

110 1689 188 1733 voce
216 1668 438 1753 proferuntur,
470 1667 555 1731 idem
582 1668 690 1751 ipsum
717 1668 846 1750 planius
875 1668 1040 1752 explicans
1063 1669 1126 1733 ait:

112 1761 203 1821 sunt
234 1777 325 1842 ergo
359 1779 402 1821 ea
434 1778 530 1841 quae
563 1760 653 1820 sunt
684 1757 724 1820 in
750 1777 840 1821 voce
871 1777 999 1821 earum
1027 1779 1127 1841 quae

112 1845 256 1909 suntin
276 1846 405 1909 anima
422 1845 646 1929 passionum
663 1848 779 1910 notae
798 1849 834 1909 et
852 1867 894 1910 ea
912 1866 1007 1929 quae
1027 1845 1125 1910 scri-

111 1932 254 1996 buntur
277 1954 406 1997 eorum
430 1954 525 2015 quae
549 1933 700 1997 suntin
718 1954 822 2017 voce,
845 1936 934 1998 velut
947 1935 975 1998 si
989 1934 1124 2000 diceret:

58 2039 92 2089 ιο
111 2041 149 2084 ea
167 2021 313 2085 verbaet
325 2020 459 2085 nomina
472 2042 553 2104 quae
572 2022 608 2085 in
626 2021 732 2085 vocali
750 2023 897 2087 oratione
915 2023 1126 2104 proferuntur

111 2109 238 2174 animae
261 2109 429 2194 passiones
453 2109 658 2192 denuntiant,
680 2109 738 2173 illa
760 2119 868 2175 autem
890 2133 1001 2175 rursus
1024 2111 1127 2176 verba

110 2203 143 2263 et
159 2201 294 2265 nomina
313 2221 395 2285 quae
414 2199 599 2264 scribuntur
618 2220 729 2263 eorum
747 2200 920 2264 verborum
939 2201 1124 2265 nominum-

110 2309 171 2370 que
209 2289 443 2372 significantiae
479 2292 634 2372 praesunt
670 2309 753 2372 quae
789 2310 868 2353 voce
904 2289 1122 2374 proferuntur

109 2396 187 2437 nam
214 2376 297 2439 sicut
323 2377 444 2441 vocalis
474 2377 630 2441 orationis
659 2376 760 2442 verba
790 2381 823 2441 et
848 2378 983 2441 nomina
1010 2397 1125 2442 conce-

57 2462 237 2546 captiones
270 2464 369 2527 animi
400 2464 647 2550 intellectusque
680 2462 876 2548 significant,
911 2463 960 2525 ita
996 2485 1123 2547 quoque

109 2551 209 2614 verba
232 2555 265 2615 et
286 2552 419 2617 nomina
441 2552 499 2616 illa
522 2574 604 2637 quae
622 2554 658 2617 in
676 2550 755 2616 solis
773 2550 956 2612 litterarum
974 2548 1114 2614 formulir

109 2639 217 2704 iacent
255 2640 385 2704 illorum
420 2641 594 2706 verborum
630 2643 665 2704 et
699 2637 868 2702 nominum
905 2635 1095 2720 significatis

104 2732 187 2790 sunt
210 2749 292 2812 quae
314 2728 485 2812 loquimur,
507 2729 541 2793 id
564 2731 615 2792 est
637 2746 721 2810 quae
743 2745 801 2808 por
824 2745 935 2788 vocem
959 2747 1087 2792 sonamu

87 2837 186 2880 „nam
209 2817 295 2900 quod
318 2817 379 2881 ait.
413 2821 502 2881 sunt
529 2834 622 2899 ergo
651 2834 695 2877 ea
722 2833 818 2896 quae
842 2816 963 2878 sunt
953 2837 992 2879 ιιι
1015 2838 1084 2882 roc

56 2920 90 2981 so
110 2905 363 2968 subaudiendum
392 2908 444 2968 est
471 2902 570 2967 verba
599 2905 632 2965 et
660 2902 800 2965 nomina.
847 2908 879 2966 et
907 2926 1018 2970 rursus
1045 2928 1082 2970 ou

109 2992 200 3057 dicit:
235 2998 273 3058 et
301 3015 344 3057 ea
372 3013 466 3075 quae
495 2991 732 3075 scribuntur,
759 2990 843 3055 idem
867 2994 1067 3060 subnectend

108 3102 218 3146 rursus
243 3086 292 3146 est
313 3082 414 3145 verba
438 3078 559 3144 scilicet
580 3079 631 3144 rel
658 3080 799 3145 nomina.
845 3086 877 3146 et
899 3082 987 3168 quod
1008 3102 1051 3147 ru·

183 3245 270 3292 lcur
288 3253 338 3292 om.
357 3237 394 3291 F¹
484 3242 508 3290 4.
528 3241 544 3291 5
567 3236 725 3307 proferetur
742 3236 806 3290 F²T
900 3242 1024 3307 spotti

76 3323 163 3364 cos.
183 3325 230 3363 sec
247 3310 288 3364 oet
306 3315 364 3364 octo
382 3310 433 3364 litt.
453 3307 522 3362 ios
595 3314 627 3364 12
646 3307 714 3378 quid
733 3308 769 3363 sit
787 3327 813 3363 n.
832 3311 935 3365 codices
999 3312 1020 3360 1*

109 3394 158 3434 om.
180 3379 225 3433 δι’
285 3386 317 3434 21
337 3381 424 3435 uerba
441 3397 535 3447 rursus
554 3379 576 3433 F
640 3385 675 3433 24
693 3382 780 3434 uerba
798 3377 973 3436 orationisF

110 3465 173 3504 cum
192 3451 261 3506 dicit
278 3470 371 3508 rursus
390 3453 411 3507 F
485 3457 518 3506 32
536 3452 593 3522 vel]
613 3453 643 3507 et
661 3452 680 3505 b
