2386 4342
189 116 233 182 36
536 113 708 170 SECVNDA
727 112 850 169 EDITIO

190 260 413 326 scribuntur
444 259 492 323 ita
523 258 765 343 intellegamus,
801 261 968 341 tamquam
1005 259 1033 322 si
1066 258 1103 323 di.

189 347 458 434 quemadmodum
486 348 586 412 etiam
614 367 756 430 eaquae
779 346 963 411 scribuntur
985 368 1095 415 eorum

189 437 327 502 suntin
350 457 436 500 voce.
478 457 516 499 ea
544 456 619 500 vero
648 456 729 518 quae
753 434 950 518 scribuntur,
981 435 1087 519 inquit

188 523 348 608 rander,
369 528 464 589 notas
488 544 557 589 esse
581 544 696 587 rosum
718 523 752 587 id
775 527 825 589 est
846 523 1014 591 nominum
1034 545 1103 589 aer

155 627 261 678 orum
284 634 325 677 ex
346 611 408 677 hoe
431 611 627 677 monstravit
612 611 736 695 tquod
759 611 880 679 diceret
902 615 938 676 et
961 633 1103 713 quemn*

190 701 275 766 dum
299 699 368 765 ne‘o
391 700 550 765 litterae
574 699 750 765 omnibus
774 699 939 783 eaedem,
968 701 1024 765 sio
1046 722 1103 764 ne«

191 811 251 855 ees
285 789 446 855 eaedem
497 790 627 874 signum
658 808 798 872 namque
830 792 880 852 est
911 810 1025 854 vooum
1057 788 1103 872 ips

190 878 459 964 significationem
481 878 521 942 lit
506 878 600 943 lteris
624 877 792 959 contineri,
817 876 902 960 quod
926 877 982 941 ubi
999 877 1103 942 variae

188 966 317 1032 litterae
345 971 378 1031 et
404 988 472 1032 non
495 966 607 1031 eedem
630 986 711 1050 quae
735 964 922 1031 scribuntur
944 965 1051 1030 varias
1076 988 1103 1050 qr

139 1070 171 1119 10
189 1075 285 1119 voees
312 1075 382 1118 esse
405 1074 537 1118 neeesse
560 1056 619 1118 est.
650 1054 731 1118 haee
757 1052 985 1118 Alexander.
1030 1053 1103 1119 Por

190 1142 271 1206 rius
306 1162 382 1205 vero
413 1141 566 1225 quoniam
595 1143 662 1205 tres
693 1141 865 1225 proposuit
893 1142 1071 1223 orationes,

191 1250 272 1313 quae
299 1229 416 1294 litteris
447 1229 677 1315 contineretur,
711 1228 884 1295 seeundum
919 1252 1001 1314 quae
1028 1231 1103 1294 verh

190 1316 377 1382 nominibus
401 1321 602 1400 personaret,
626 1315 875 1403 tertiamquem
897 1319 1017 1383 mentis
1041 1320 1103 1383 evo]

191 1404 389 1490 intellectus,
426 1405 459 1470 id
490 1404 751 1470 Aristotelem
788 1405 971 1490 significare
1002 1429 1103 1492 pronu

141 1507 173 1557 15
192 1513 264 1558 oum
279 1493 370 1559 dieii:
393 1497 483 1559 sunt
506 1514 597 1580 ergo
621 1515 664 1559 ea
683 1516 780 1579 quae
798 1495 945 1559 suntin
964 1517 1055 1560 vooe
1075 1518 1103 1560 e:

194 1603 290 1666 quae
327 1586 416 1647 sunt
452 1582 491 1646 in
528 1583 655 1648 anima
689 1583 915 1668 passionum
951 1588 1080 1666 notae,

192 1671 376 1736 ostenderet
399 1672 427 1736 si
449 1671 498 1736 ita
519 1671 666 1736 dixisset:
699 1675 775 1737 sunt
802 1691 879 1756 ergo
903 1693 1047 1756 eaquae
1071 1694 1103 1735 su

85 1774 173 1836 osor
191 1780 270 1824 voee
298 1762 331 1822 et
357 1759 457 1824 verbe
484 1762 517 1823 et
543 1759 678 1827 nomina
704 1760 831 1825 animae
863 1761 1052 1844 passionum
1073 1760 1103 1843 Ι]

194 1849 227 1908 et
249 1847 402 1929 quoniam
424 1847 620 1913 monstrarit
642 1869 779 1931 quorum
802 1853 911 1914 essent
928 1871 1024 1914 voees
1044 1850 1095 1932 sig

141 1953 175 2004 αα
193 1933 295 2017 tiree,
322 1933 403 2000 illud
430 1955 557 2018 quoque
584 1935 731 2000 docuisse
759 1935 876 2019 quibua
904 1937 1006 2021 signis
1029 1937 1090 2002 ver

192 2021 326 2091 nomino
356 2022 574 2106 panderentur
609 2022 744 2107 ideoque
772 2023 932 2089 addidisse
965 2029 1001 2089 et
1033 2047 1076 2090 ea

192 2110 419 2177 scribuntur
446 2133 574 2177 eorum
604 2133 699 2196 quae
723 2113 874 2177 suntin
897 2135 1003 2197 voee,
1036 2117 1073 2178 te

192 2198 223 2267 si
239 2198 372 2265 diceret:
396 2222 434 2265 ea
458 2222 540 2286 quae
563 2201 747 2266 soribuntur
769 2200 867 2266 verbe
889 2205 923 2266 et
941 2202 1065 2267 nomina

193 2306 275 2368 quoe
299 2291 374 2353 sunt
401 2289 436 2351 in
458 2309 536 2353 roos
558 2290 730 2355 verborum
752 2294 786 2353 et
808 2289 977 2355 nominum
999 2293 1057 2354 nol

140 2391 174 2442 ao
193 2392 254 2437 neo
282 2373 476 2441 disiunctum
503 2395 573 2441 esse
602 2377 798 2441 sententiam
825 2397 885 2440 neo
914 2373 965 2460 (ut
986 2377 1050 2440 Ale

193 2458 303 2546 putat)
326 2462 361 2525 id
383 2461 470 2546 quod
492 2461 551 2527 ait:
580 2466 618 2526 et
639 2483 682 2526 ee
705 2483 803 2546 quae
827 2461 1042 2527 scribuntur

192 2547 427 2634 tellegendum,
454 2552 621 2632 tamquam
645 2550 673 2613 si
696 2550 829 2614 diceret:
858 2549 943 2614 siout
965 2571 1035 2614 ea<

193 2636 315 2703 buntur
343 2638 377 2702 id
407 2640 457 2702 est
484 2636 611 2703 litterae
639 2637 696 2703 illa
720 2658 802 2721 quae
826 2638 961 2702 suntin
983 2659 1026 2704 vo

194 2727 283 2803 eant,
315 2725 362 2793 ila
395 2746 434 2789 ea
466 2744 547 2809 quae
578 2728 654 2789 sunt
683 2725 716 2788 in
747 2747 825 2791 voce
854 2729 950 2791 notas
980 2749 1020 2792 es¹

142 2827 176 2878 30
194 2812 394 2897 passionum.
439 2812 546 2896 primo
575 2813 660 2897 quod
689 2814 729 2878 ad
746 2813 937 2899 ,simplicem
964 2838 1012 2895 ser

195 2900 270 2967 addi
298 2903 442 2986 oportet,
475 2900 589 2966 deinde
616 2904 685 2966 tam
714 2903 820 2968 brevis
844 2903 921 2970 ordo
943 2909 1004 2971 tan

197 2990 283 3054 seria
306 2989 461 3055 orationis
489 3010 557 3053 non
581 2992 630 3054 est
651 2991 874 3056 intercidenda
894 2994 996 3077 partit

195 3097 271 3142 vero
294 3078 457 3161 quoniam,
481 3078 508 3142 si
528 3077 642 3143 similis
662 3079 856 3165 significatio
880 3085 930 3147 est
947 3082 988 3149 lit

266 3184 282 3232 ὅ
303 3195 358 3248 quo
378 3178 443 3234 Tll¹
488 3179 687 3249 sermome,
708 3181 845 3237 eedemT
888 3190 920 3239 18
939 3202 980 3257 qu·

195 3197 358 3304 stotelenT
406 3252 723 3321 18prisssetom.TE
779 3255 897 3310 roob
950 3260 975 3313 1

197 3324 231 3373 30
249 3320 389 3390 primum?
439 3321 553 3392 quidem
571 3323 683 3391 quodb
738 3329 771 3379 31
791 3324 967 3396 deindeque

195 3390 381 3460 tamquamT
452 3399 486 3448 33
506 3395 580 3448 esset
597 3393 635 3448 E*
