2386 4342
88 214 133 279 96
434 206 605 265 sacrans
623 204 747 261 amno

89 363 167 424 sunt
199 362 257 424 aut
287 355 407 440 poetis,
437 351 509 417 sola
537 350 738 414 enuntiativa
764 349 978 433 philosophis
1024 370 1104 435 ergo

89 446 152 513 hoa
184 446 277 512 dicit.
307 462 377 507 non
407 439 513 504 omnis
545 438 649 503 oratio
680 438 884 503 enuntiativa
916 440 974 501 est.
1026 442 1104 503 sunt

90 536 177 600 enim
209 531 367 616 plurimae
399 548 482 611 quae
515 527 732 592 enuntiativae
763 549 831 592 non
858 531 949 609 suut,
980 530 1019 590 ut
1040 526 1104 591 hac

91 644 172 705 quas
201 639 300 702 supra
328 615 492 717 proposui.
535 614 616 680 haec
646 620 755 680 autem
786 614 858 679 sola
888 618 952 698 est,
982 615 1105 699 inqua

55 724 202 773 trorum
231 705 454 807 falsumque
444 703 582 768 inveniri
611 708 717 788 queat
768 703 919 788 quocirca
947 704 1105 787 quoniam

90 794 131 859 de
152 792 259 877 ista,'
248 814 285 857 ιιι
306 814 371 877 qua
393 793 512 858 veritas
535 797 569 858 et
585 792 714 856 falsitas
732 792 905 874 invenitur,
927 791 1105 857 dialecticis

88 881 356 967 philosophisque
388 885 437 947 est
470 881 703 966 quaerendum,
738 885 864 945 ceterae
901 885 1013 944 autern
1049 884 1106 945 aut

90 972 196 1057 poetis
219 973 277 1034 aut
299 972 482 1036 oratoribus
505 970 770 1036 adcommodatae
789 971 874 1051 sunt,
896 968 966 1032 iure
984 967 1025 1032 de
1043 968 1103 1033 hac

91 1061 163 1126 sola
183 1058 389 1142 tractabitur,
410 1059 444 1123 id
466 1063 517 1124 est
538 1060 577 1124 de
600 1058 800 1123 enuntiativa
823 1057 981 1121 oratione.
1026 1056 1105 1123 huc-

51 1165 74 1213 ,ο
92 1167 194 1231 usque
212 1167 289 1231 ergo
309 1147 348 1212 de
366 1147 516 1232 partibus
534 1146 813 1230 interpretationis
831 1150 864 1209 et
883 1144 922 1208 de
940 1147 1106 1211 communi

92 1235 238 1300 oratione
265 1235 394 1300 locutus
421 1239 479 1301 est
525 1256 610 1300 nunc
637 1238 746 1298 autem
773 1233 948 1318 adstringit
972 1233 1105 1300 modum

92 1323 322 1406 disputationis
351 1326 385 1389 iu
416 1325 557 1406 speciem
587 1327 621 1387 et
650 1322 688 1387 de
718 1345 784 1386 una
810 1322 917 1406 specie
947 1322 1105 1389 orationis

91 1415 215 1477 tractat
233 1412 334 1497 deque
351 1435 419 1478 nna
436 1411 712 1495 interpretatione,
725 1431 808 1496 quae
826 1413 877 1475 est
895 1411 1105 1476 enuntiativa

93 1499 216 1581 species
235 1522 374 1585 namque
392 1505 443 1566 est
460 1501 642 1564 enuntiatio
661 1498 951 1582 interpretationis,
972 1502 1105 1585 negatio

51 1600 75 1650 n
92 1609 168 1652 vero
191 1593 224 1653 et
246 1590 428 1656 adfirmatio
452 1588 692 1654 enuntiationis.
728 1609 826 1671 quare
845 1587 885 1651 de
903 1588 1106 1654 enuntiativa

94 1676 240 1742 oratioue
258 1677 483 1745 considerandi
499 1678 577 1741 hinc
597 1698 670 1741 cum
688 1677 761 1760 ipso
780 1675 1000 1740 Aristotele
1023 1698 1107 1742 com·

94 1764 319 1832 modissimum
343 1788 508 1833 sumamus
531 1765 669 1829 initium.

162 1852 195 1918 5.
223 1855 295 1920 Est
318 1860 444 1921 autem
466 1876 540 1919 una
562 1854 685 1938 prima
709 1854 836 1918 oratio
860 1853 1106 1931 enuntiativa

95 1939 333 2028 adfirmatio,
356 1942 493 2008 deinde
516 1942 688 2026 negat103
712 1942 812 2006 aliae
836 1962 925 2006 vero
948 1941 1107 2007 coniun-

51 2043 77 2094 ιι)
95 2029 225 2095 ctione
247 2053 353 2097 unae.
385 2051 543 2095 necesse
566 2034 625 2094 est
647 2031 774 2093 autem
792 2051 939 2096 omnem
959 2030 1105 2096 oratio·

94 2140 178 2184 nem
201 2119 486 2185 enuntiativam
513 2140 557 2182 ex
580 2118 694 2183 verbo
718 2139 801 2183 esse
825 2118 886 2181 rel
910 2138 1010 2182 casu.
1048 2124 1106 2183 at·

95 2210 196 2274 enim
217 2208 387 2276 hominis
409 2207 524 2290 ratio,
547 2207 580 2271 si
602 2228 678 2271 non
701 2210 766 2271 aut
784 2210 842 2272 est
861 2209 927 2271 aut
945 2206 1020 2270 erit
1038 2214 1107 2273 aut

94 2298 171 2362 fuit
203 2302 269 2363 aut
300 2295 448 2380 aliquid
480 2294 700 2360 huiusmodi
731 2294 910 2377 addatur,
940 2295 1109 2361 nondum

95 2389 155 2449 cst
191 2385 319 2451 oratio
356 2385 611 2449 enuntiativa.
666 2405 784 2467 quare
825 2386 952 2447 autem
993 2405 1109 2449 unum

51 2486 77 2536 ιδ
97 2473 277 2557 quiddam
307 2476 366 2536 est
396 2476 433 2537 et
461 2493 538 2537 non
568 2473 690 2536 multa
718 2472 863 2536 animal
897 2472 1108 2556 gressibile

96 2561 219 2645 bipes,
243 2581 364 2645 neque
388 2561 487 2624 enim
511 2582 553 2625 eo
573 2560 673 2643 quod
692 2560 908 2644 propinque
927 2560 1110 2627 dicuntur

95 2670 211 2713 unum
234 2649 321 2731 erit,
344 2653 403 2713 est
426 2648 588 2712 alterius
612 2649 684 2714 hoa
705 2652 877 2713 tractare
900 2649 1064 2733 negotii.

162 2736 239 2801 Una
266 2737 371 2802 oratio
399 2736 520 2819 duplici
546 2740 706 2802 tractatur
732 2737 842 2802 modo:
873 2737 926 2801 vel
955 2757 1030 2801 cum
1051 2756 1110 2823 par

97 2846 131 2889 se
158 2847 224 2889 una
251 2828 301 2889 est
328 2825 380 2888 vel
408 2847 481 2889 cum
503 2847 561 2909 per
584 2825 726 2910 aliquam
749 2825 1011 2891 coniunctionem
1034 2846 1108 2892 con·

170 3033 468 3099 3nonom.E(add.
488 3032 535 3102 E¹)
606 3034 924 3090 haeTetinrasmE
943 3032 1057 3089 casSF

96 3103 362 3173 tposuitF(corr.
381 3103 427 3173 Ρ)
500 3104 628 3160 oden:
655 3121 706 3161 om.
725 3106 808 3160 ceteri
878 3111 893 3159 ‘1
917 3104 1109 3173 quaerendum

96 3174 146 3227 E':
174 3191 307 3242 quaerere
325 3177 405 3231 ceteri
495 3175 642 3243 (iatam-
662 3175 804 3231 dialectici
825 3174 1043 3246 philosophique
1065 3174 1109 3231 ut

97 3260 229 3313 quaerere
248 3246 276 3316 b)
369 3251 403 3301 10
421 3244 701 3329 interpretationibus
720 3246 753 3302 8¹
838 3252 870 3300 11
891 3248 1019 3302 autam
1005 3262 1039 3302 aa
1053 3246 1110 3315 lim
1146 3268 1150 3279 ·

97 3330 189 3370 uersus
208 3316 258 3372 8¹?
339 3323 370 3372 13
391 3315 568 3399 enuntiatiua
585 3317 670 3371 cstT
742 3322 785 3372 20.
805 3322 839 3371 21
859 3333 903 3372 en.
921 3333 961 3371 or.
979 3314 1040 3375 ΣΞ
1136 3314 1150 3359 {-

98 3389 132 3439 22
151 3386 223 3443 ratio
242 3388 309 3443 siI.
329 3389 382 3443 ed:
376 3388 476 3443 ·ratio
494 3386 549 3441 nisi
567 3389 607 3442 ccl
625 3387 768 3443 rationi
746 3406 770 3442 ιι
788 3388 892 3443 codices
910 3388 958 3458 (cf.
976 3388 1069 3457 infra)
1139 3424 1149 3449 2.

98 3460 225 3514 atenim
243 3477 294 3516 ora.
313 3459 432 3529 Madd.
452 3458 518 3527 E¹?)
591 3458 644 3514 die
664 3476 743 3530 prop.
763 3457 819 3514 Σῖ
1144 3470 1150 3515 ².
