2386 4342
520 670 533 723 l
552 685 575 724 c.
594 675 619 725 ³.
1030 668 1073 735 69

58 818 123 880 ret:
152 835 247 879 omne
270 814 406 880 uerbum
430 815 593 900 signifieat
615 815 743 897 quidem
767 815 928 898 accidem,
951 815 1006 879 aed
1028 814 1075 880 ita

57 908 95 969 ut
118 903 152 967 id
175 902 260 988 quod
284 903 449 988 significat
471 906 528 967 aut
548 903 742 986 particulare
757 903 800 968 ait
814 908 871 967 aut
883 903 1076 988 universale,

58 997 96 1058 ut
123 992 156 1056 id
181 993 267 1076 quod
290 993 338 1057 ait
360 991 404 1055 de
429 992 606 1057 subiecto
631 992 672 1056 ad
694 992 973 1071 universalitatem
996 992 1076 1056 refe·

57 1103 185 1165 ramus,
212 1081 297 1166 quod
320 1082 360 1145 in
385 1080 562 1146 subiecto
586 1081 627 1145 ad
651 1081 754 1146 solam
776 1081 1075 1165 particularitatem.

58 1193 133 1236 cum
158 1171 244 1235 enim
269 1168 341 1235 dico
365 1174 555 1252 movetur,
579 1169 718 1259 ‘verbum
742 1170 872 1254 quidem
896 1172 947 1234 est
969 1173 1003 1234 et
1025 1183 1111 1234 aco

59 1259 184 1342 cidens,
221 1259 276 1324 aed
309 1258 501 1323 universale.
555 1261 663 1322 motus
696 1259 783 1322 enim
814 1259 922 1342 plures
955 1259 1077 1341 species

59 1351 148 1431 sunt,
170 1351 207 1411 ut
230 1368 342 1412 cursus
367 1347 542 1412 submotu
566 1347 707 1430 ponitur.
740 1367 817 1431 ergo
842 1368 954 1411 cursus
978 1347 1006 1410 ai
1025 1346 1077 1410 de·

59 1435 223 1501 finiendus
247 1439 307 1521 est,
329 1439 456 1500 motum
480 1434 518 1498 de
541 1456 637 1499 eursu
660 1435 892 1518 praedicamus.
929 1435 1078 1517 quocirca

59 1527 169 1589 motus
197 1545 299 1609 genua
326 1522 489 1609 quoddam
517 1527 567 1588 est
595 1544 707 1589 cursus
746 1527 841 1608 atque
868 1523 941 1588 ideo
969 1526 1078 1588 motus

60 1613 100 1677 de
133 1633 228 1677 cursu
259 1615 297 1677 ut
329 1612 368 1677 de
396 1613 542 1677 subiecto
571 1612 824 1696 praedicabitur,
856 1634 969 1678 cursus
1001 1633 1076 1677 aero
1098 1625 1131 1677 10

58 1703 144 1786 ipse,
180 1701 333 1786 quoniam
364 1701 487 1785 species
518 1699 600 1765 aliae
628 1701 836 1783 nonhabet,
866 1701 902 1764 in
931 1700 1077 1766 subiecto

58 1793 189 1854 tantum
218 1793 269 1855 est
295 1789 329 1854 id
357 1791 469 1855 estin
498 1793 656 1854 currente.
701 1793 811 1854 motus
835 1792 943 1854 autem
967 1810 1077 1872 quam·

58 1901 156 1964 quam
180 1882 213 1943 et
235 1880 304 1963 ipse
328 1879 372 1944 ait
394 1879 430 1943 in
454 1877 611 1961 subiecto,
633 1881 744 1942 tamen
764 1879 803 1942 de
823 1877 969 1943 subiecto
987 1900 1078 1961 prae

58 1969 192 2033 dicatur.
242 1968 315 2033 ideo
344 1967 423 2032 dicit
450 1989 562 2032 eorum
592 1988 662 2032 ease
690 1971 803 2032 notam
832 1967 968 2031 verbum
996 1988 1078 2051 quae

58 2057 98 2120 de
121 2057 223 2122 altero
247 2057 476 2141 praedicentur
495 2059 594 2139 atque
609 2054 741 2138 addidit,
764 2058 806 2119 ut
829 2072 958 2117 eorum
982 2076 1077 2138 quae
1098 2070 1131 2120 15

59 2145 102 2208 de
132 2145 309 2211 subiecto
338 2146 402 2210 vel
429 2145 469 2208 in
495 2143 680 2209 subiecto.
724 2143 788 2208 hoc
811 2142 904 2206 dicit:
937 2143 1079 2208 acciden-

57 2235 139 2299 tium
168 2234 297 2318 quidem
326 2235 394 2299 vim
422 2233 522 2297 verba
546 2232 747 2318 significant,
780 2231 834 2297 sed
859 2229 973 2296 talium
998 2254 1078 2316 quae

60 2327 118 2387 aut
150 2322 346 2388 universalia
379 2322 447 2386 sint
478 2325 535 2385 aut
565 2321 790 2406 particularia,
829 2325 866 2386 ut
902 2343 975 2387 eum
1007 2322 1077 2388 dico

58 2432 214 2476 moveor
235 2410 418 2477 universale
441 2410 594 2494 quiddam
611 2415 662 2476 eet
680 2415 713 2477 et
732 2412 771 2476 de
791 2410 938 2478 subiecto
952 2412 1078 2495 dicitur,

56 2503 94 2564 ut
127 2499 166 2564 de
197 2521 307 2582 cursu,
353 2521 427 2564 cum
450 2521 527 2564 vero
552 2499 622 2565 dico
653 2523 783 2586 curro,
807 2502 1002 2585 particulare
1029 2504 1078 2566 est
1096 2514 1130 2566 20

57 2593 90 2652 et
106 2589 270 2672 -quoniam
300 2588 338 2651 de
368 2588 515 2653 subiecto
543 2609 610 2654 non
639 2589 771 2672 dieitur,
798 2590 834 2653 in
858 2591 1003 2655 subiecto
1027 2610 1077 2654 so·

56 2676 126 2739 lum
150 2679 209 2741 est.

149 2760 238 2828 Non
271 2762 393 2826 currit
420 2785 510 2830 vero
539 2769 576 2829 et
603 2786 678 2830 non
707 2765 863 2830 laborat
891 2787 967 2832 non
994 2787 1076 2830 ver-

60 2852 148 2916 bum
186 2851 281 2916 dico.
328 2852 612 2937 consignificat
653 2853 805 2938 quidem
847 2858 997 2937 tempus
1039 2858 1077 2919 et

63 2962 215 3025 semper
245 2939 288 3003 de
312 2939 441 3027 aliquo
467 2945 537 3026 eat,
565 2941 815 3007 differentiae
840 2947 964 3006 autem
987 2942 1076 3007 huic
1095 2955 1129 3006 25

58 3051 198 3095 nomen
222 3049 298 3094 non
322 3033 381 3093 est
403 3031 587 3114 positum3
611 3031 674 3095 aed
700 3030 751 3095 sit
775 3030 976 3095 infinitum
998 3053 1076 3095 ver·

58 3119 162 3203 bum,
200 3117 381 3203 quoniam
415 3118 601 3183 similiter
633 3119 671 3183 in
705 3119 880 3203 quolibet
912 3122 985 3203 est,
1016 3119 1076 3183 vel

60 3207 164 3292 quod
188 3209 247 3270 est
269 3206 329 3270 vel
353 3205 452 3290 quod
475 3226 550 3271 non
575 3209 641 3270 eat.
1130 3228 1132 3233 ⁴

150 3294 428 3371 Quemadmodum
457 3294 538 3359 dixit
565 3294 599 3359 in
627 3294 759 3358 nomina
786 3315 862 3359 non
884 3295 996 3360 homo
1018 3316 1077 3360 no·

59 3404 136 3447 men
165 3404 231 3448 non
261 3404 345 3467 esse,
377 3381 496 3448 idcirco
527 3382 612 3466 quod
640 3381 752 3446 multis
781 3383 853 3448 aliia
882 3385 1076 3467 conveniret,
1094 3395 1129 3446 30

60 3493 142 3557 quae
170 3470 319 3536 homines
347 3492 413 3537 non
439 3473 559 3555 essent,
587 3470 804 3555 quoniamque
826 3471 860 3535 id
884 3471 970 3556 quod
993 3471 1076 3535 dice·

58 3564 110 3626 ret
134 3560 139 3645 Ι
166 3560 309 3625 auferret
335 3558 482 3642 nihilque
509 3558 677 3624 definitum
704 3558 739 3622 in
767 3557 879 3623 eadem
910 3559 1074 3643 praedica·
1092 3569 1183 3638 p.31o

57 3649 148 3715 tione
181 3647 380 3730 relinqueret
408 3644 513 3731 (quod
537 3646 624 3711 enim
651 3667 728 3710 non
754 3646 865 3712 homo
889 3651 940 3712 eat
965 3652 1076 3733 potest

132 3793 146 3840 1
168 3784 284 3856 quidem
302 3783 372 3853 sign.
391 3782 413 3836 F
472 3789 489 3836 3
507 3781 720 3839 uniuersitatem
737 3782 774 3836 F¹
833 3788 851 3836 4
869 3785 945 3852 quod
962 3785 1006 3841 ait
1022 3785 1073 3840 ΤΕ

45 3865 92 3915 -10
116 3859 149 3912 ut
168 3857 204 3912 de
223 3853 350 3909 subiecto
369 3853 404 3907 de
424 3868 506 3907 aaran
523 3853 546 3908 Τ
565 3854 732 3922 (aampoait
750 3853 798 3922 T1)
853 3860 886 3908 14
904 3854 980 3927 ideo]
999 3854 1075 3925 quod

57 3933 143 3998 ergo?
217 3930 250 3979 31
272 3924 404 3993 quoniam
424 3921 459 3977 de
479 3921 560 3993 S¹E¹,
580 3924 766 3993 quoniamde
785 3920 866 3981 aoid
885 3924 909 3978 Τ
